1655 2573
257 1500 287 1532 1.
310 1500 413 1541 Ave,
439 1500 545 1538 Agnes
570 1498 637 1529 Deo
662 1500 762 1538 grata,

773 173 816 179 -.
867 150 911 186 52
959 169 1006 175 ,-

605 247 665 279 122.
695 245 802 279 Oratio
822 243 956 276 secunda
978 241 1018 273 ad
1039 240 1175 274 eandem.

936 332 967 364 3.
994 329 1154 369 Gaude,
1179 329 1248 362 Deo
1274 328 1368 361 valde
1394 334 1476 367 cara,

991 379 1040 410 Tu
1065 385 1097 409 es
1122 385 1244 416 gemma
1267 375 1361 408 nimis
1385 382 1470 411 rara,

992 425 1108 457 Locum
1133 422 1215 457 caeli
1237 422 1328 455 nobis
1352 429 1440 461 para,

990 472 1040 504 Ne
1063 480 1120 504 nos
1145 471 1254 503 laedat
1277 476 1361 501 mors
1387 475 1503 499 amara.

990 539 1114 575 Vale,
1139 538 1263 576 martyr
1288 533 1477 576 pmepolita,

991 585 1084 617 Nunc
1105 584 1139 615 in
1164 591 1238 615 arce
1260 582 1327 622 poli
1351 580 1423 620 sita,

279 364 285 372 .
311 339 411 380 Ave,
436 338 497 371 Dei
522 339 557 368 tu
582 336 691 374 amica,

312 386 450 417 Pulchra
472 383 565 416 nimis
591 385 623 415 ct
645 382 773 423 pudica,

310 433 389 464 Esto
413 431 508 463 turris
533 432 563 461 et
587 430 686 461 lorica

314 479 429 511 Contra
453 478 539 510 bella
554 476 691 508 inimica.

280 571 287 577 .
312 544 451 582 Salve,
476 543 598 580 martyr
621 540 689 572 Deo
715 543 816 582 grata,
930 540 962 572 4.

313 590 417 622 Nullis
441 589 550 629 poenis
575 589 733 627 superata,

313 637 363 668 Da
386 637 493 676 lugere
518 643 601 667 nunc
624 635 765 674 peccata,

313 683 359 715 Ut
382 692 469 714 mens
494 683 561 714 Deo
584 681 626 712 sit
648 683 788 720 paccata.

989 632 1056 665 Fac
1079 640 1136 663 nos
1159 632 1264 662 mente
1288 627 1439 661 redimita

988 679 1105 710 Tecum
1129 676 1193 708 frui
1216 676 1282 717 iugi
1306 676 1381 708 vita.

620 816 681 847 123.
712 816 818 847 Oratio
839 814 939 846 tertia
960 814 999 845 ad
1018 812 1156 845 eandem.

932 903 962 934 3.
991 899 1150 941 Gaude,
1177 899 1281 930 nitens
1306 897 1365 930 flos
1393 896 1529 939 decoris,

989 948 1035 979 Te
1060 946 1156 987 clegit
1179 954 1239 978 rex
1263 944 1392 977 honoris

991 994 1059 1026 Sibi
1082 1002 1199 1032 purum
1225 1002 1281 1025 vas
1305 991 1451 1032 pudoris,

990 1041 1047 1072 Gui
1074 1040 1163 1072 dedit
1187 1040 1250 1071 mel
1277 1038 1405 1071 amoriS.

931 1107 963 1139 4.
989 1107 1116 1144 Va1e‚
1142 1106 1231 1137 sidus
1255 1105 1435 1145 gloriosum,

992 1154 1069 1185 Post
1092 1152 1178 1183 hunc
1200 1155 1318 1183 statum
1343 1151 1504 1183 ruinosum

994 1199 1114 1232 Christi
1137 1199 1259 1231 vultum
1284 1198 1457 1239 gratiosum

993 1246 1045 1278 Da
1068 1246 1179 1279 videre
1204 1249 1235 1277 et
1259 1245 1440 1278 formosum.

280 930 287 937 .
314 906 416 944 Ave,
442 907 542 936 turtur
570 904 638 935 sine
662 902 746 945 felle,

314 952 467 984 Enutrita
492 950 570 983 caeli
596 950 698 990 melle,

314 998 365 1030 Da
390 997 503 1029 florere
526 998 641 1030 bonum
667 997 749 1029 velle

315 1044 391 1076 Cum
415 1045 533 1076 virtute
557 1044 658 1075 instar
682 1044 804 1075 stellae.

280 1133 286 1140 .
314 1109 452 1148 Salve,
477 1110 566 1150 virgo
589 1109 774 1148 reverenda,

314 1155 383 1187 Deo
407 1164 532 1196 semper
556 1164 612 1186 nos
639 1155 832 1193 commenda,

317 1202 521 1235 Sacramenta
544 1202 726 1233 veneranda

314 1249 446 1281 Praesta
469 1249 549 1281 hora
569 1249 602 1280 in
627 1248 801 1280 tremenda.

540 1363 601 1396 124.
630 1363 776 1404 Sequitur
797 1363 926 1395 devotus
945 1363 1066 1405 rigmus
1086 1363 1124 1394 (ie
1145 1364 1256 1395 sancta

650 1410 769 1449 Agnete
788 1409 913 1449 virgine
935 1411 965 1441 et
984 1411 1138 1449 martyro.

937 1500 967 1531 3.
996 1498 1157 1538 Gaude,
1184 1499 1273 1538 virgo
1299 1506 1461 1540 generosa,

995 1545 1090 1577 Casto
1114 1543 1193 1577 flore
1217 1554 1279 1577 non
1306 1554 1443 1585 corrosa,

992 1592 1052 1630 Da,
1079 1594 1115 1623 ut
1138 1594 1245 1624 mente
1269 1593 1412 1624 animosa

993 1639 1126 1679 Semper
1151 1639 1275 1671 vincam
1299 1647 1471 1673 venenosa.

994 1696 1116 1737 Vale,
1143 1695 1211 1727 Deo
1237 1698 1272 1727 tu
1297 1696 1423 1737 dilecta,

993 1743 1057 1774 Axi
1082 1742 1164 1774 caeli
1188 1743 1251 1774 iam
1274 1743 1409 1782 invecta,

995 1790 1064 1822 Poli
1090 1789 1193 1821 choris
1220 1790 1435 1831 circumtecta,

992 1836 1065 1868 Duc
1088 1839 1162 1875 post
1185 1839 1218 1868 te
1242 1847 1300 1869 nos
1326 1837 1378 1870 via
1399 1840 1498 1869 recta.

315 1546 405 1577 Bona
429 1545 514 1577 tribu
538 1547 722 1585 propagata,

315 1593 396 1624 Arte
418 1592 519 1623 multa
545 1591 733 1631 doctrinata,

316 1639 424 1671 Firma
447 1637 511 1671 fide
533 1638 685 1670 radicata.

283 1719 292 1729 .
318 1694 667 1734 Salve,pulchraplus
678 1695 865 1734 quamSara,
936 1696 967 1727 4.

323 1742 439 1773 Hostes
463 1744 606 1773 sternens
629 1743 734 1772 mente
758 1751 865 1782 gnara,

316 1788 380 1821 Ora
402 1788 514 1828 Deum,
539 1789 574 1818 tu
598 1788 771 1828 praeclara,

316 1835 362 1867 Ut
384 1835 544 1868 vincamus
570 1834 621 1866 hic
645 1844 762 1867 amara.

605 1971 668 2003 125.
703 1972 809 2004 Oratio
830 1972 964 2004 secunda
985 1974 1024 2005 ad
1049 1973 1184 2005 eandem.

261 2062 291 2092 1.
315 2060 418 2102 Ave,
444 2060 561 2100 Agnes,
583 2060 670 2091 sidus
695 2060 822 2102 clarum,

317 2105 446 2137 Gratiae
471 2106 512 2137 da
535 2106 626 2138 nobis
650 2116 771 2147 parum,

315 2153 401 2191 Quae
421 2152 565 2184 dulcorat
589 2161 643 2183 cor
667 2163 815 2196 amarum,

316 2199 365 2232 Ut
387 2198 450 2230 iam
473 2197 530 2230 fiat
552 2198 620 2230 Deo
647 2207 762 2232 carum.

261 2258 293 2288 2.
315 2254 456 2296 Salve,
482 2254 633 2294 splendor
658 2255 831 2297 virginalis,

319 2302 396 2334 Flos
420 2304 453 2333 te
476 2303 568 2333 ornat
591 2301 709 2342 lilialis,

316 2348 386 2381 Tua
408 2357 512 2392 prece,
539 2348 601 2380 tuis
626 2349 685 2380 alis

316 2395 413 2429 Serva
436 2405 494 2430 nos
519 2406 538 2429 a
563 2396 681 2428 cunctis
707 2396 808 2429 malis.

935 2063 965 2094 3.
993 2061 1155 2101 Gaude,
1182 2071 1256 2094 rosa
1281 2072 1391 2095 carens
1417 2063 1518 2103 spina,

992 2110 1091 2148 Quam
1116 2108 1275 2147 plantavit
1299 2110 1347 2141 vis
1375 2109 1492 2149 divina,

995 2155 1044 2186 Sis
1069 2155 1180 2186 salutis
1205 2156 1363 2188 medicina

998 2200 1109 2233 Carnis
1135 2204 1247 2233 contra
1271 2202 1464 2242 serpentina.

937 2257 968 2288 4.
997 2257 1117 2294 Vale,
1142 2255 1201 2288 flos
1226 2259 1437 2300 amoenitatis,

996 2303 1168 2335 Paradisus
1193 2305 1376 2348 voluptatis,

995 2350 1095 2382 Posce
1121 2351 1242 2384 caelum
1266 2353 1421 2387 trinitatis

994 2397 1094 2430 Nobis
1119 2398 1189 2432 dari
1215 2408 1285 2432 cum
1309 2400 1421 2433 beatis.
