1655 2573
640 100 875 137 ..55⁸

477 194 539 227 132.
568 194 674 228 Oratio
695 194 828 227 secunda
849 195 888 226 ad
907 195 1044 227 eandem.

121 263 151 296 1.
178 265 281 304 Ave,
306 264 361 304 pia
385 267 417 296 et
439 264 587 306 benigna,
798 266 828 298 3.
857 265 1018 305 Gaude,
1043 266 1166 305 martyr
1182 265 1380 308 praeoptata,

175 311 224 342 Tu
247 311 367 343 honore
390 320 516 352 semper
542 314 645 354 digna,
854 313 942 345 Inter
965 315 1090 344 sanctos
1116 312 1277 349 honorata,

174 357 225 389 Da
248 366 450 398 progressum
473 368 558 392 nunc
575 360 724 392 virtutum
850 359 946 400 Audi,
972 360 1070 399 virgo,
1094 362 1203 391 nostra
1226 361 1310 398 vota,

181 405 299 437 Contra
322 405 444 438 hostem
471 406 553 439 dona
576 409 707 439 scutum.
852 407 938 446 Quae
963 406 1120 446 depromit
1142 414 1229 438 mens
1256 406 1378 438 devota.

117 472 147 504 2.
174 470 316 514 Salve,
343 480 461 512 sponsa
483 473 654 512 rubricata,
795 474 827 505 4.
855 471 976 511 Vale,
1002 477 1113 504 sancta
1135 474 1171 503 tu
1187 472 1307 513 puella,

173 518 219 550 Et
241 519 276 550 in
301 527 395 550 carne
417 520 567 561 lacerata,
853 519 946 551 Saevi
969 519 1069 551 hostis
1094 518 1204 558 frange
1228 518 1321 561 bella,

175 564 292 597 Confer
317 565 432 597 donum
456 567 600 598 sanitatis
854 565 954 597 Serva
977 574 1028 597 me
1051 565 1090 597 ab
1116 566 1199 597 omni
1223 573 1326 605 poena

173 611 218 643 Et
238 612 383 644 internae
406 612 565 652 puritatis,
854 612 1001 644 Paradisi
1026 613 1069 644 ad
1092 620 1233 644 amoena.

382 775 444 807 133.
476 775 622 816 Sequitur
643 774 744 806 oratio
766 774 803 806 de
823 775 933 806 saneta
952 773 1126 815 Apollonia.

117 846 146 879 1.
173 848 275 887 Ave,
301 849 336 878 tu
359 845 540 886 Apollonia,
795 847 826 879 3.
854 844 1006 886 Gaude,
1032 847 1157 885 martyr
1181 846 1353 882 cruentata,

173 894 288 926 Virens
312 895 349 925 ut
373 893 538 935 celidonia,
851 892 940 925 Diris
963 892 1066 933 plagis
1090 892 1264 935 vulnerata,

172 940 243 973 Rex
269 939 425 972 caelorum
450 942 482 970 te
508 939 621 971 dilexit
851 939 1007 971 Mentium
1033 940 1074 971 da
1095 939 1276 981 puritatem,

170 987 247 1020 Cum
271 987 313 1019 ad
336 985 432 1019 fidem
456 989 489 1018 te
512 986 642 1019 adlexit.
852 986 1002 1020 Dentium
1028 986 1069 1018 da
1093 986 1269 1019 sanitatem.

114 1055 145 1086 2.
172 1053 315 1095 Salve,
342 1051 421 1084 felix
446 1061 463 1084 o
488 1054 524 1083 tu
543 1052 692 1095 nympha,
793 1054 825 1086 4.
852 1052 974 1092 Vale,
996 1052 1084 1092 virgo
1108 1055 1144 1084 tu
1168 1060 1308 1094 amoena,

167 1100 250 1133 Lota
274 1099 358 1132 sacri
382 1097 481 1131 fontis
506 1098 645 1139 lympha,
852 1098 962 1132 Gloria
985 1108 1069 1131 nunc
1093 1098 1201 1132 fruens
1227 1099 1333 1139 plena,

167 1147 284 1180 Puram
308 1146 406 1179 vitam
430 1146 522 1178 nobis
547 1155 613 1186 ora,
849 1146 948 1179 Placa
971 1146 1062 1178 nobis
1089 1146 1168 1178 caeli
1192 1154 1308 1189 regem,

166 1193 217 1226 Ne
241 1194 425 1226 damnemur
449 1194 559 1226 mortis
583 1193 672 1226 hora.
848 1193 900 1225 Da
923 1202 1053 1226 servare
1078 1193 1144 1225 eius
1168 1193 1281 1233 legem.

461 1358 523 1392 134.
554 1357 659 1390 Oratio
680 1358 814 1390 secunda
837 1357 877 1389 ad
896 1357 1036 1389 eandem.

106 1433 137 1465 1.
164 1432 268 1471 Ave,
295 1438 410 1470 sponsa
435 1433 470 1461 tu
493 1429 622 1469 dilecta,
787 1430 819 1462 3.
846 1428 1005 1469 Gaude,
1031 1426 1174 1469 paradisi
1198 1435 1284 1467 rosa,

163 1477 261 1512 Duris
283 1477 394 1519 poenis
421 1486 453 1509 es
478 1475 600 1519 affecta,
844 1476 924 1507 Esto
949 1474 1041 1507 nobis
1065 1474 1213 1515 gratiosa,

164 1525 293 1559 Cunctis
318 1524 395 1557 feris
421 1532 453 1556 es
478 1522 612 1563 obiecta,
847 1522 923 1554 Tuis
948 1522 1048 1554 servis
1073 1530 1157 1554 nunc
1180 1522 1316 1562 implora

161 1572 257 1606 Nullo
281 1581 388 1604 morsu
410 1580 442 1603 es
466 1569 595 1605 infecta.
848 1570 945 1610 Spem
969 1569 1080 1601 salutis
1103 1569 1172 1602 sine
1196 1578 1295 1603 mora.

106 1642 138 1673 2,
166 1639 308 1678 Salve,
333 1637 470 1679 pulchra
493 1639 528 1669 ut
552 1636 710 1678 saphirus,
789 1638 822 1670 4.
849 1636 972 1676 Vale,
1000 1636 1119 1668 clarum
1143 1636 1231 1668 sidus
1258 1636 1346 1679 caeli,

165 1686 212 1719 Te
235 1685 387 1718 mactavit
410 1685 509 1718 hostis
536 1684 633 1723 dirus,
847 1683 957 1716 Mente
979 1691 1095 1724 precor
1119 1686 1152 1715 te
1175 1683 1274 1726 fideli,

163 1734 247 1767 Sana
271 1742 329 1766 nos
352 1742 372 1765 a
397 1732 517 1765 cunctis
542 1731 670 1776 morbis,
846 1731 918 1763 Duc
941 1731 984 1763 ad
1008 1731 1089 1763 caeli
1114 1731 1292 1763 claritatem

165 1781 286 1822 Quibus
310 1779 379 1813 fere
402 1780 533 1820 languet
557 1779 654 1814 orbis.
846 1779 902 1811 Me
930 1780 1004 1820 post
1035 1779 1147 1810 mortis
1172 1780 1402 1819 tempestatem,

395 1937 458 1969 135.
492 1937 535 1968 De
555 1936 664 1968 sancta
682 1934 798 1967 Ursule
818 1934 947 1967 devotus
967 1933 1096 1975 rigmus.

103 2011 134 2044 1.
161 2011 266 2051 Ave,
293 2018 414 2051 gemma
438 2008 673 2048 Britannorum,
792 2006 824 2039 3.
851 2004 1010 2045 Gaude,
1036 2005 1109 2037 aula
1123 2004 1288 2045 trinitatis,

167 2057 296 2099 Ursula,
321 2055 379 2090 flos
404 2056 597 2097 angelorum,
851 2052 946 2085 Clara
966 2052 1065 2094 iaspis
1088 2051 1249 2095 puritatis,

163 2105 247 2138 Fide
270 2104 340 2137 Deo
363 2103 522 2144 placuisti,
850 2100 914 2133 Ora
937 2101 1040 2134 Deum
1064 2100 1249 2141 maiestatis,

166 2153 247 2186 Toto
273 2153 370 2186 corde
394 2160 486 2193 quem
511 2150 616 2185 sitisti.
849 2148 896 2181 Ut
919 2157 977 2180 nos
1002 2151 1094 2180 ornet
1118 2157 1188 2180 cum
1211 2147 1325 2183 beatis,

108 2223 139 2255 2.
166 2220 311 2263 Salve,
337 2222 460 2259 martyr
483 2220 519 2250 tu
538 2217 714 2258 praeclara,
791 2217 823 2249 4.
850 2215 971 2255 Vale,
997 2223 1115 2255 sponsa
1139 2225 1157 2248 o
1184 2216 1309 2255 decora,

165 2269 251 2308 Quae
276 2276 309 2300 es
334 2267 447 2299 summi
470 2266 532 2299 Dei
556 2275 621 2305 ara,
852 2262 1001 2296 Coetibus
1028 2272 1098 2295 cum
1122 2262 1185 2295 tuis
1210 2272 1277 2302 ora,

165 2316 318 2350 Nostrum
343 2315 415 2349 dele
438 2323 523 2348 nunc
545 2316 667 2346 reatum
848 2311 993 2352 Regnum
1016 2314 1052 2343 ut
1077 2309 1241 2343 felicitatis

164 2363 210 2397 Et
234 2365 416 2396 sanctorum
442 2361 553 2395 confer
577 2363 705 2396 statum.
851 2358 1034 2393 Habeamus
1059 2366 1130 2390 cum
1155 2358 1298 2392 sacratis,
