1655 2573
202 431 280 464 195.

206 794 284 825 196.

208 1147 284 1179 197.

212 1545 289 1578 198.

214 1852 290 1884 199.

217 2160 295 2193 200.

714 175 756 179 —
806 150 970 189 2202-

293 253 451 286 Rodendo
464 251 575 291 quibus
587 250 788 290 impugnatur
797 248 813 279 ἵ)

293 300 362 341 Dic,
370 298 617 339 dignenumquid
627 299 816 337 aspernatur

342 346 388 378 Ob
413 346 473 377 hoc
496 346 529 376 in
554 344 633 377 cutis
660 342 772 375 finibus
783 340 799 372 P

295 431 375 463 Pars
391 430 467 460 item
485 428 588 467 prima
602 427 694 458 dicit:
713 425 816 463 Quare

294 476 353 508 Vis
378 482 615 514 praecursorem
639 473 801 504 nominare

342 522 501 553 Dilectum
528 523 615 551 tuum
641 518 756 550 eiulum

295 571 389 607 Hinc,
405 567 488 608 quod
501 569 686 606 praecurrat
696 565 814 597 claudi-

597 615 728 651 cantem,

295 662 370 694 Cum
382 669 472 692 carus
481 669 566 691 meus
573 660 816 699 triumphantem

341 708 531 740 Praecurrat
543 706 644 739 crucis
654 706 790 737 baiulum
801 703 816 735 ’.Ρ

300 793 381 824 Nam
407 800 499 823 causa
524 799 632 822 cursus
657 789 776 821 citioris

297 839 331 871 Si
360 837 444 869 foret
468 837 580 877 dignus
603 836 818 875 praecursoris

345 884 516 923 Vocabulo,
541 888 577 915 ut
601 883 750 922 creditur,

297 933 349 964 Ad
375 933 605 962 monumentum
632 930 797 961 salvatoris

295 974 817 1016 Praecurrensnonmaneretforis,

343 1025 425 1057 Dum
451 1025 563 1056 Petrus
588 1023 649 1055 hoc
680 1022 819 1061 ingredi-

594 1072 654 1101 tur.

301 1146 377 1178 Pars
402 1146 496 1177 alt⁷ra
513 1146 634 1184 primae
651 1144 819 1184 responde-

597 1191 669 1223 bat:

300 1239 378 1277 Dic,
413 1246 545 1278 quaeso,
580 1237 730 1277 numqmd
762 1237 821 1268 hoc

598 1284 731 1316 decebat

349 1331 645 1373 Clavigemm‚quod
652 1330 821 1363 comminus

302 1379 454 1410 Intrando
479 1376 563 1408 fores
589 1378 737 1417 aperiret,

301 1424 347 1456 Ut
371 1432 459 1455 carus
483 1432 570 1455 meus
593 1423 740 1455 introiret

350 1470 425 1502 Cum
442 1470 601 1502 commodo
610 1474 645 1502 ut
656 1470 823 1502 dominus?

303 1544 365 1577 Sed
390 1552 498 1588 quare,
526 1544 652 1576 demens
668 1544 820 1584 agonista,

304 1591 374 1623 Hoc
386 1591 474 1631 dicis,
489 1599 580 1622 verus
594 1591 676 1631 quod
685 1590 824 1630 baptista

350 1637 491 1670 Dilectus
516 1640 587 1669 tuus
612 1636 717 1677 fuerit,

306 1684 383 1717 Cum
400 1685 488 1724 prius
504 1684 565 1716 hoc
576 1684 620 1716 sis
634 1683 821 1723 confessata,

305 1731 468 1771 Baptisma
485 1739 573 1761 suum
593 1730 676 1769 quod
693 1732 824 1770 peccata

350 1777 487 1809 Reorum
512 1786 573 1809 non
598 1775 757 1808 abluerit?
778 1794 825 1799 —-

305 1852 451 1892 Baptista
477 1852 569 1891 digne
593 1854 792 1891 nuncupatur

307 1900 350 1938 Is,
370 1907 388 1929 a
401 1907 460 1938 quo
474 1899 621 1939 princeps
637 1899 824 1939 baptizatur,

355 1945 414 1983 Qui
438 1945 547 1977 mundi
572 1945 674 1977 scelus
699 1945 804 1977 abolet

307 1992 351 2024 Et
374 2000 443 2023 sese
466 1993 551 2032 patri
575 1993 734 2032 singulare

310 2039 348 2070 In
370 2048 425 2070 ara
450 2039 551 2071 crucis
577 2039 715 2071 salutare

356 2086 519 2118 Incensum
546 2087 673 2127 dignum
696 2086 811 2119 adolet.

307 2161 352 2192 Et
376 2168 412 2191 ea
435 2163 567 2201 propter
591 2161 752 2200 amplioris

311 2207 551 2247 Praerogativae
577 2208 728 2246 dignioris

357 2253 537 2285 Censendus
562 2254 730 2294 privilegio

310 2300 355 2332 Et
377 2301 489 2332 merito
516 2301 648 2332 dilectus
673 2309 769 2343 meus,

312 2347 408 2386 Quem
434 2348 564 2387 speciali
587 2347 730 2387 praefert
744 2347 830 2380 Deus

357 2394 485 2427 Honore
509 2403 599 2434 quam
627 2394 760 2435 egregio.

872 248 952 280 201.
967 246 1047 277 Pars
1064 243 1159 276 alt’ra
1177 243 1271 276 dicit:
1298 242 1391 274 salva
1411 249 1491 281 pace

966 291 1136 333 Fidenam,
1162 299 1236 331 pars
1263 297 1365 328 caeca,
1392 292 1462 320 tace

1014 340 1236 371 Rememorans
1262 336 1396 369 celerius

967 386 1132 425 Baptisma
1156 385 1256 418 Iudae
1280 383 1459 422 traditoris,

967 433 1056 472 Quod
1087 435 1135 463 est
1160 432 1316 470 baptismo
1341 437 1491 469 praecur-

1267 477 1348 509 soris

1014 524 1190 559 Perfectius
1216 527 1247 555 et
1268 524 1383 557 verius.

875 585 953 617 202.
971 584 1049 615 Pars
1058 582 1098 614 ad
1106 583 1166 613 hoc
1172 579 1469 621 dicitpraecursoris
1480 590 1486 611 :

969 629 1002 661 Si
1026 629 1158 661 rationis
1184 628 1256 668 plus
1281 636 1374 668 quam
1399 626 1462 659 oris

1016 676 1062 708 Te
1084 676 1190 716 gladio
1215 674 1442 715 praecinxeris,

968 722 1154 762 Scripturae
1175 722 1238 754 cito
1255 721 1492 753 concordabunt

968 769 1013 801 Et
1036 770 1085 801 his
1110 769 1295 801 solutionem
1324 768 1452 804 dabunt,

1016 816 1092 849 Cum
1115 818 1258 856 tempora
1282 814 1475 847 distinxeris.

877 874 955 906 203.
971 873 1050 904 Pars
1087 872 1182 904 alt’ra
1216 871 1309 903 dicit:
1348 871 1445 910 Quem

1270 918 1464 956 commendo,

970 966 1060 1004 Quod
1084 966 1184 997 maior
1209 968 1264 997 tuo
1280 966 1332 1001 sit,
1358 964 1492 996 ostendo

1020 1013 1089 1045 Non
1116 1011 1374 1044 altercationibus

971 1062 1037 1092 Aut
1061 1058 1182 1091 frivolis
1209 1060 1259 1090 vel
1284 1058 1472 1090 mendicatis

972 1106 1143 1145 Suffragiis¹
1171 1106 1226 1137 sed
1253 1105 1438 1145 adprobatis

1023 1153 1198 1185 Praeclaris
1223 1152 1408 1185 rationibus.

877 1211 957 1244 204.
973 1209 1118 1242 Salvator
1134 1211 1243 1241 noster
1259 1208 1490 1240 recumbentem

970 1256 1124 1288 Maiorem
1149 1257 1219 1295 plus
1242 1264 1334 1295 quam
1351 1256 1490 1287 servien-

1268 1305 1333 1334 tem

1020 1348 1180 1382 Adfirmat
1202 1357 1260 1388 per
1285 1349 1447 1389 iudicium,

971 1395 1063 1427 Stans
1082 1396 1162 1427 enim
1179 1396 1261 1436 gerit
1272 1396 1491 1435 ministrantis,

973 1442 1168 1474 Recumbens
1200 1451 1275 1474 vero
1302 1443 1493 1474 dominantis

1020 1489 1213 1528 Exsequitur
1238 1488 1387 1523 officium.

880 1546 957 1578 205.
973 1545 1126 1584 Alterque
1159 1553 1255 1576 verax
1280 1545 1370 1576 testis
1397 1544 1492 1585 fatur,

974 1591 1062 1629 Quod
1080 1591 1209 1623 Martha
1225 1590 1302 1623 foris
1321 1595 1496 1632 occupatur

1019 1637 1112 1670 Stans
1139 1639 1222 1670 circa
1246 1639 1466 1676 ministerium,

971 1684 1077 1716 Maria
1099 1685 1213 1717 sedens
1238 1686 1468 1724 contemplatur

974 1731 1020 1762 Et
1044 1731 1131 1764 verbi
1157 1731 1216 1763 Dei
1240 1733 1412 1764 meditatur

1020 1779 1065 1811 Ut
1091 1779 1196 1818 capiat
1219 1779 1411 1818 mysterium.

883 1832 961 1864 206.
974 1831 1053 1862 Pars
1080 1831 1138 1861 etsi
1159 1831 1272 1863 stando
1289 1831 1498 1863 ministrantis

976 1876 1026 1908 Sit
1037 1877 1128 1919 bona,
1143 1879 1247 1909 tamen
1258 1878 1499 1918 contemplantis

1024 1923 1170 1956 Sedendo
1195 1922 1297 1956 fertur
1322 1925 1452 1964 optima,

976 1970 1026 2002 Ab
1053 1980 1090 2003 ea
1114 1980 1194 2010 quae
1217 1980 1279 2003 non
1304 1970 1475 2010 auferetur,

977 2018 1066 2058 Pars,
1078 2025 1160 2057 ecce,
1173 2022 1322 2058 quantum
1329 2028 1498 2059 praeroge-

1282 2070 1334 2098 tur

1025 2111 1172 2144 Sedendo
1199 2113 1304 2144 colens
1329 2114 1450 2147 intima.

886 2164 965 2196 207.
979 2164 1131 2203 memque
1143 2164 1271 2203 quidem
1283 2165 1375 2196 testis
1392 2165 1504 2203 refert,

980 2209 1037 2247 Qui
1045 2210 1202 2241 stantibus
1209 2211 1356 2242 sedentes
1363 2210 1505 2250 praefert

1027 2256 1166 2288 Maiores
1191 2260 1225 2288 ut
1252 2257 1395 2297 exilibus,

982 2303 1109 2335 Vidisse
1134 2312 1203 2335 sese
1227 2305 1368 2337 saniores

981 2348 1043 2382 Sex
1070 2353 1180 2390 quater
1207 2351 1302 2383 duces
1328 2352 1468 2385 seniores

1029 2398 1182 2430 sedentes
1207 2398 1240 2430 in
1264 2399 1418 2432 sedilibus
