1655 2573
790 128 1023 163 -96—

272 226 302 260 2.
330 224 449 265 Gaude,
475 225 558 266 quod
584 234 616 257 es
642 225 811 262 consolata,
944 225 975 256 3.
1003 221 1114 253 Gaude
1135 230 1217 253 nuuc
1235 230 1305 254 eum
1322 219 1414 260 prole
1430 216 1556 252 sancta,

330 273 423 306 Caelo
450 273 523 305 dum
548 280 579 304 es
604 272 769 304 lacrimata
1003 268 1061 300 Cui
1086 270 1134 301 est
1159 269 1277 300 eollata.
1300 269 1390 299 tanta

376 319 454 351 Ortu
479 321 604 352 exstans
629 318 757 358 sterilis,
1051 339 1201 348 .....
1223 315 1335 355 gloria,

331 366 450 401 Gaude,
475 373 558 397 nuno
581 366 672 404 prole
698 364 806 403 ditata,
1002 360 1095 391 Nune
1120 362 1152 390 et
1175 361 1209 392 in
1235 361 1321 392 eaelo
1349 358 1484 391 decanta

326 414 411 452 Quae
435 415 535 443 mater
558 411 619 442 Dei
644 411 736 442 beata
1000 407 1086 438 Voce
1108 406 1221 438 laudes
1250 432 1400 441 ,,,,,
1430 429 1436 435 .
1466 429 1472 435 .

373 458 418 489 Es
442 466 520 497 prae
545 457 664 488 cunctis
689 455 815 488 fertilis.
1049 453 1171 485 Nostra
1195 453 1304 485 delens
1330 452 1417 484 vitia.

331 523 410 548 Orat.
430 530 482 547 ms.
502 520 690 548 Trudonense
709 527 784 547 saec.
807 516 851 547 16.
872 520 913 545 in.
948 517 1016 545 (jod.
1030 517 1171 545 Leodieu.
1191 514 1256 545 395.
1278 516 1318 542 '—.
1335 514 1365 549 2,
1385 514 1399 542 1
1421 523 1464 551 sq.
1479 514 1554 548 quod

259 567 277 584 e³
312 571 323 582 ι·
345 558 424 585 caelo
445 557 604 585 ssoneolata.
625 572 662 576 —
682 554 708 590 3,
728 555 749 584 4
767 557 852 585 Nune
873 559 902 583 et
920 558 952 583 in
972 555 1053 582 coelo
1073 562 1146 583 voce
1165 554 1268 582 laudes
1289 553 1421 582 decanta.

652 649 710 680 177.
742 648 786 679 De
806 655 829 678 s.
851 646 982 679 Antonio
1003 645 1155 678 Eremita.

271 718 301 749 1.
329 717 448 758 Gaude,
475 717 557 758 quod
582 726 640 757 per
657 721 689 749 te
706 718 874 757 desertum,
948 719 978 749 2.
1007 716 1128 758 Gaude,
1155 716 1229 756 quia
1253 717 1480 755 temptamenta

326 765 454 806 Antoni,
482 768 515 796 ut
537 763 647 796 florum
673 767 792 795 sertum
1002 765 1065 796 Per
1090 763 1241 796 virtutum
1266 763 1463 795 munimenta

375 811 484 843 Floret
509 812 695 851 eremicoliS,
1050 811 1188 852 Superas
1211 811 1387 850 innumera,

328 858 447 901 Gaude,
475 858 558 898 quod
584 859 704 889 eaelum
729 861 873 898 apertum
1004 857 1125 897 Gaude,
1151 858 1225 897 quia
1250 857 1393 889 claruisti

328 904 383 936 Fit
403 905 465 936 tuis
490 913 548 945 per
574 905 690 937 donum
715 908 834 937 certum
1001 905 1176 945 Prophetia
1202 905 1283 937 dono
1311 904 1439 945 Christi,

372 950 471 983 Sociis
496 960 559 984 non
584 952 732 993 dyscoliS.
1042 953 1109 991 Qua
1131 953 1215 991 perit
1241 951 1422 985 crudelitas

607 1009 637 1041 3.
666 1007 788 1050 Gaude,
815 1016 832 1038 e
858 1009 943 1041 caelo
969 1008 1103 1042 audisti:

662 1055 806 1095 Laqueos
832 1056 967 1088 evadent
989 1056 1054 1095 isti,

710 1102 792 1140 Quos
817 1104 905 1133 tenet
924 1102 1095 1145 humilitas,

665 1148 786 1189 Gaude,
812 1147 890 1181 felix
916 1149 1056 1192 eremita,

664 1196 754 1235 Quod
780 1205 849 1228 eum
874 1197 1009 1237 Christo,
1037 1206 1113 1229 vera
1137 1196 1212 1236 vita,

707 1242 859 1275 Exsultas
884 1244 1078 1284 perenniter.

330 1306 409 1334 Orat.
435 1315 487 1334 ms.
508 1307 697 1335 Trudonense
721 1316 796 1335 saec.
827 1306 871 1335 16.
893 1309 933 1335 in.
974 1307 1043 1336 Ood.
1064 1308 1201 1341 Leodien,
1222 1306 1288 1337 395.
1309 1323 1348 1327 -
1367 1307 1394 1342 3,
1417 1307 1431 1336 1
1453 1309 1553 1337 Gaude

253 1343 330 1378 quod
351 1353 366 1371 e
387 1344 475 1371 eaelo.

679 1435 736 1469 178.
765 1436 809 1468 De
829 1437 935 1468 saneto
956 1437 1138 1469 Audomaro.

270 1504 299 1537 1.
329 1503 448 1546 Gaude,
474 1506 596 1538 invenie
623 1506 797 1546 praeclare,
944 1509 975 1540 2.
1004 1506 1123 1550 Gaude,
1150 1508 1280 1540 trahens
1305 1509 1495 1548 populorum

328 1550 485 1583 Christum
511 1561 619 1584 amans
644 1553 837 1595 Audomare,
1002 1554 1126 1586 Tui—bas
1151 1554 1195 1586 ad
1218 1554 1315 1587 fidem
1338 1555 1508 1587 verborum

373 1597 488 1630 Mundi
512 1607 664 1638 spernens
689 1600 812 1643 gaudia,
1049 1601 1090 1633 Vi
1114 1610 1173 1641 per
1199 1601 1318 1635 Christi
1342 1603 1487 1643 gratiam,

328 1644 437 1676 Gaude
461 1647 589 1686 praesul
612 1646 817 1686 Morinorum,
1005 1647 1126 1688 Gaude,
1149 1649 1273 1681 iuvenis
1299 1650 1444 1684 turbatus

329 1691 439 1723 Gratia
464 1691 587 1733 fulgens
608 1694 778 1736 signorum,
1001 1695 1064 1727 Per
1088 1698 1120 1727 te
1144 1696 1224 1728 mire
1248 1699 1295 1728 est
1320 1697 1460 1731 salvatus

374 1738 491 1771 Delens
519 1740 712 1773 idolatriam.
1050 1742 1168 1774 Oceani
1191 1742 1329 1776 flumine.

610 1799 641 1830 3.
670 1796 791 1840 Gaude,
819 1797 890 1829 dum
915 1800 1025 1831 volens
1049 1799 1186 1839 privaris

665 1844 781 1884 Oculis,
806 1846 891 1886 quod
915 1846 1136 1886 contemplaris

712 1892 814 1924 Deum
836 1892 929 1924 nimis
956 1893 1100 1937 dulciter,

665 1939 759 1971 Nunc
782 1940 815 1971 in
840 1940 926 1972 eaelo
950 1940 1144 1982 iueundariS,

665 1986 734 2018 Tua
757 1994 853 2026 prece
878 1986 996 2019 Christ-i
1021 1988 1102 2019 caris

711 2032 778 2065 Nos
802 2034 896 2073 iunge
919 2034 1112 2073 perenniter.

334 2097 411 2124 Orat.
438 2106 491 2124 ms.
512 2097 700 2126 deonense
723 2106 799 2125 saec.
828 2095 871 2125 16.
894 2099 933 2124 in.
976 2098 1045 2125 God.
1065 2098 1204 2126 Leodien.
1225 2097 1290 2127 395.
1312 2114 1349 2118 —
1368 2098 1395 2133 3,
1415 2097 1435 2126 4
1454 2099 1554 2129 Gaude

260 2133 336 2168 quod
359 2133 481 2161 iuvenis.
502 2148 539 2153 —-
560 2133 586 2167 3,
605 2134 625 2162 4
645 2136 702 2169 Qui
721 2144 799 2162 nunc
818 2135 859 2162 in.

675 2213 733 2245 179.
764 2215 807 2245 De
827 2216 933 2246 saneto
952 2216 1135 2254 Augustino.

278 2284 308 2317 1.
334 2282 456 2322 Gaude,
481 2282 609 2321 praesul
632 2283 816 2326 Augustine,
1006 2282 1127 2322 Gaude,
1153 2285 1245 2322 pater
1270 2286 1302 2315 et
1325 2288 1471 2330 patrone,

332 2330 390 2369 Qui
416 2337 484 2360 cum
507 2329 575 2361 Deo
600 2329 668 2361 sine
691 2328 755 2360 fine
1004 2329 1125 2362 Doctor
1146 2330 1210 2371 pie,
1235 2334 1346 2371 pastor
1368 2333 1460 2375 bone,

376 2376 501 2416 Regnas
525 2377 559 2408 in
583 2375 779 2415 caelestibua
1052 2376 1191 2417 Fulgens
1215 2379 1248 2410 in
1273 2380 1433 2419 operibus.
