1655 2573
327 132 345 143 '
649 127 906 163 -113—

209 221 289 248 Orat.
310 229 361 248 ms.
382 220 580 258 Ambergense
599 224 668 251 anni
691 220 770 250 1476.
799 222 870 251 Clm.
887 222 1038 250 Monaeen.
1059 220 1141 249 2990.
1161 221 1196 249 A.
1216 238 1254 242 —
1274 221 1353 249 Orat.
1374 231 1427 249 ms.

129 259 279 294 Brugense
305 267 380 287 saec.
403 257 446 287 15.
486 260 555 288 Cod.
576 261 739 289 Bruxellen.
760 258 844 288 4948.
864 260 897 287 Β.
918 274 954 278 -
976 261 1055 288 Orat.
1076 268 1129 287 ms.
1150 259 1341 295 Sangallense
1361 257 1426 288 520.

130 297 201 323 anni
227 293 308 324 1436.
332 296 363 324 C.
384 311 421 317 —
447 296 471 329 1,
492 296 512 325 4
531 298 633 326 Gaude
652 298 798 326 Christum
822 306 905 333 quem
926 298 959 325 B.
980 313 1016 317 -—
1039 295 1064 330 1,
1086 295 1102 324 5
1125 297 1231 333 Calpas
1251 297 1284 324 B.
1304 311 1342 316 —
1361 295 1388 331 3,
1408 295 1428 324 4

129 342 192 369 sqq.
213 333 313 361 lauten
332 333 363 362 in
382 335 420 363 B:

538 374 599 401 Fac
615 381 670 400 nos
692 374 738 400 ita
757 373 915 409 paenitere,

540 412 582 440 Ut
599 411 667 447 post
685 414 806 439 mortem
824 410 899 438 lueis
919 420 1005 438 verae

579 449 741 476 sortiamur
759 448 904 485 gaud-ium.

562 568 630 598 224.
664 568 707 599 De
726 569 830 599 saneto
851 567 993 598 Martino.

143 655 173 689 1.
201 653 321 694 Gaude,
348 654 492 695 pontifex
517 655 664 695 Martine,
878 654 998 694 Gaude,
1024 655 1107 695 quod
1131 663 1190 694 per
1214 655 1397 686 meritorum

200 701 280 739 Quia
303 701 462 733 maiestati
487 702 589 734 trinae
874 702 1005 733 Precem
1031 701 1125 733 trium
1149 704 1343 733 mortuorum

245 747 398 780 Placuisti
424 748 552 789 optime,
924 747 1089 780 Suscitasti
1115 756 1258 789 corpora.

199 793 322 836 Gfffldss,
349 795 434 836 QUOd
451 795 612 828 Christum
636 795 748 827 Vidisti
819 805 850 838 3.
877 804 999 843 Gaude,
1017 804 1100 845 quod
1113 804 1232 836 Christi
1245 806 1425 836 sanctorum

200 841 364 881 vestitum,
392 851 453 881 (1113ι
477 843 610 874 issdffisfi
879 852 1015 884 Consors
1041 859 1073 882 es
1098 852 1320 893 apostolorum,

246 888 385 930 Nudum,
411 892 466 920 tua
492 889 668 931 chlamyde.
925 899 1037 939 Gregjs
1062 898 1123 929 Dei
1146 906 1272 938 ancora,

123 948 172 979 ·2.
200 945 322 985 Gaude,
349 945 423 986 quia
449 946 600 978 curavisti
877 945 997 986 Gaude,
1023 953 1148 984 semper
1173 945 1348 984 gavisurus,

199 991 366 1025 Morbidos
393 995 425 1023 et
450 992 634 1024 destruxisti
877 992 954 1024 Cum
981 991 1106 1024 Christo
1130 992 1227 1023 iudex
1252 993 1402 1022 venturus

248 1039 382 1079 Templa
405 1039 508 1078 plebis
534 1039 685 1081 perfidae,
922 1039 960 1071 In
985 1039 1037 1071 die
1060 1038 1180 1072 iudicii.

479 1097 511 1128 4.
538 1096 563 1129 O
589 1095 738 1135 Mar-tine,
764 1098 870 1127 mente
893 1104 1002 1136 purus,

538 1142 616 1183 Fae,
641 1145 677 1173 ut
698 1142 800 1174 Deum
824 1142 884 1174 sim
908 1143 1032 1174 visurus

582 1190 739 1229 Angelum
764 1189 896 1221 consilii.

202 1253 281 1280 Orat.
295 1262 347 1281 ms.
362 1253 550 1282 Trudonense
563 1262 638 1282 saec.
653 1252 697 1281 16.
711 1253 750 1281 in.
787 1254 855 1282 Cod.
868 1254 1008 1282 Leodien.
1022 1251 1087 1282 395.
1102 1268 1136 1272 —
1150 1251 1177 1286 2,
1193 1251 1208 1280 1
1224 1251 1333 1285 Gaude,
1348 1250 1425 1286 quod

126 1289 243 1319 curasti.
264 1305 302 1310 —
321 1289 347 1325 3,
368 1290 386 1318 2
407 1291 531 1319 Consors
553 1301 582 1320 es
604 1294 633 1319 et
652 1292 858 1327 apostolorum.

563 1410 631 1442 225.
660 1409 703 1441 De
723 1411 829 1443 sancto
849 1411 990 1442 Matthia.

139 1500 168 1532 1.
197 1497 318 1539 Gaude,
337 1498 422 1539 quod
439 1500 567 1531 scandis
580 1508 740 1531 amoenum
816 1502 847 1534 3.
876 1499 995 1538 Gaude,
1022 1499 1105 1539 quod
1128 1499 1232 1530 lumen
1259 1497 1375 1529 dedisti

198 1546 291 1578 Sorte
315 1546 462 1579 thronum
488 1547 675 1586 duodenum,
872 1546 982 1578 Caecis
1007 1551 1038 1579 et
1062 1546 1148 1577 virus
1173 1544 1281 1577 bibisti

240 1593 389 1634 Matthia,
416 1592 563 1632 feliciter,
919 1594 1007 1625 Nihil
1031 1593 1108 1625 mali
1132 1593 1280 1631 sentiens,

193 1639 304 1672 Gaude
328 1643 360 1672 te
384 1640 503 1673 virtute
527 1641 656 1681 plenum
872 1640 993 1681 Gaude,
1018 1640 1102 1681 quod
1125 1640 1166 1672 ad
1189 1639 1284 1672 fidem
1304 1638 1421 1671 Christi

193 1686 360 1726 Sprevisse
384 1696 476 1720 omne
500 1691 660 1720 terrenum
872 1687 977 1728 Signis
1002 1688 1117 1720 multos
1144 1686 1327 1719 convertisti

240 1735 378 1775 Propter
406 1735 567 1768 Christum
596 1735 741 1769 dulciter.
916 1735 1004 1768 Mala
1026 1734 1079 1776 pie
1100 1735 1234 1774 patiens.

135 1793 166 1825 2.
194 1789 306 1822 Gaude
332 1792 499 1824 daemones
524 1791 658 1835 fugatos,
812 1795 842 1826 4.
871 1792 992 1831 Gaude,
1019 1792 1103 1832 quod
1129 1800 1255 1824 caesum
1281 1791 1382 1822 securi

192 1836 352 1877 Leprosos
376 1838 486 1870 morbo
511 1842 637 1872 sanatos
869 1839 992 1872 Ferunt
1015 1838 1120 1879 angeli
1144 1843 1176 1871 te
1198 1838 1272 1879 puri

239 1885 320 1917 Esse
344 1895 403 1926 per
425 1888 459 1917 te
484 1887 610 1927 caeliae,
918 1887 1020 1919 Choro
1040 1887 1226 1926 apostolico,

194 1932 305 1965 Gaude
329 1943 387 1973 per
411 1935 443 1964 te
463 1934 629 1966 suscitatos
870 1934 937 1966 Fac
960 1937 997 1966 ut
1021 1942 1146 1973 semper
1171 1933 1311 1974 gavisuri

192 1981 346 2023 Mortuos,
373 1989 482 2021 gressu
507 1981 647 2014 firmatos
870 1981 974 2014 Simus
1000 1990 1070 2013 cum
1094 1981 1213 2013 sanctis
1239 1980 1342 2012 securi

238 2027 282 2059 Et
305 2028 434 2061 claudos
459 2028 601 2062 mirifice.
915 2030 960 2061 Et
985 2038 1052 2061 eum
1079 2037 1154 2069 rege
1179 2029 1306 2061 caelico.

194 2092 274 2120 Orat.
295 2102 346 2121 ms.
367 2093 556 2122 Trudonense
576 2102 650 2122 saec.
673 2092 716 2122 16.
737 2096 776 2122 in.
799 2094 867 2123 Cod.
888 2095 1027 2122 Leodien.
1051 2091 1115 2122 395.

547 2215 612 2246 226.
641 2214 685 2245 De
706 2216 812 2247 saneto
833 2214 987 2247 maurilio.

129 2294 159 2327 1.
186 2293 306 2339 Gaude,
332 2293 478 2336 pontifex
500 2294 642 2336 Maurili,
810 2297 840 2329 2.
870 2295 992 2337 Gaude,
1020 2297 1093 2329 dum
1120 2305 1153 2328 es
1179 2296 1379 2328 consecratus

188 2341 336 2375 serviens
360 2343 429 2375 Deo
454 2343 540 2375 virili
867 2343 1012 2385 PraesuI,
1038 2343 1151 2376 aderat
1173 2343 1286 2375 beatus

235 2390 339 2424 Corde
362 2391 476 2432 plenus
502 2391 615 2431 gratia.
916 2390 1037 2423 Chorus
1062 2391 1129 2431 poli
1155 2390 1297 2423 caelitus,

172 2449 284 2477 Blume,
302 2449 346 2472 Pia
359 2448 503 2472 Dictamiue.
1232 2444 1249 2474 8
