1655 2573
127 285 159 319 1.
186 286 264 324 Ave,
290 288 401 318 sancte
423 287 610 327 Augustius,

646 114 881 150 „45—

504 207 549 238 97.
579 207 623 239 Ad
643 208 783 239 sanetum
802 207 1017 246 Augustinum.

805 288 836 319 2.
863 287 1032 318 Praestans
1048 281 1183 330 [rorem]
1198 285 1269 324 riga
1282 288 1408 318 mentes.

186 332 345 372 Splendor
368 333 449 365 lucis
473 336 509 365 tu
534 334 670 374 divinae,
864 332 976 365 Gratia
1000 335 1036 364 ut
1058 332 1122 363 sint
1145 331 1305 371 florentes,

186 379 340 411 Mundum
365 380 460 419 plene
482 380 621 421 irrigasti

186 426 351 468 Dogmate,
378 436 438 467 quo
465 427 645 459 coruscasti.

865 380 914 412 Sis
942 378 1089 411 defensor
1112 380 1143 410 in
1171 387 1279 419 agone,

864 427 914 459 Da.
939 435 1008 458 cum
1025 425 1143 458 sanctis
1161 434 1249 465 spem
1268 434 1409 459 coronae.

517 547 563 578 98.
594 546 638 577 Ad
659 547 798 578 sanctum
820 547 1010 587 Gregorium.

800 627 833 657 2.
859 626 928 657 Tuo
953 627 1061 657 sancto
1086 634 1169 657 nuno
1192 628 1325 664 precatu

856 672 981 703 Munda
1005 674 1127 703 mentes
1151 681 1170 703 a
1194 674 1293 714 reatu,

858 719 973 751 Vivere
995 719 1036 751 da
1059 718 1210 760 virtuose,

856 766 972 797 Tecum
995 774 1064 797 esse
1087 765 1232 805 gloriose.

151 648 157 654 .
187 626 265 664 Ave,
291 628 327 656 tu
351 625 484 664 Gregori
507 625 569 666 pie,

186 671 313 703 Plebem
337 675 424 703 tuam
446 671 532 703 omni
556 671 610 703 die

183 717 358 759 Vigilanter
381 718 559 756 custodisti,

185 765 278 797 Viam
305 764 357 796 dei
381 765 557 799 ostendisti.

515 874 561 906 99.
589 874 635 906 Ad
656 876 797 906 sanctum
810 874 1011 906 Ambrosium.

808 946 840 976 2.
865 944 995 976 Gratiae
1014 954 1097 976 nunc
1122 942 1230 976 confer
1255 952 1371 984 rorem,

864 991 976 1023 Vultus
1002 991 1060 1022 Dei
1085 991 1124 1023 da
1149 990 1349 1030 splendorem

865 1038 982 1069 Tecum
1006 1046 1131 1078 semper
1156 1038 1363 1077 contemplari

863 1084 908 1117 Et
931 1085 963 1116 in
988 1094 1098 1117 aevum
1122 1085 1294 1118 collaetari.

155 969 161 975 .
188 945 268 983 Ave,
293 944 375 975 iuste
399 946 434 975 tu
458 942 617 983 Ambrosi,

187 991 256 1023 Lux
281 999 299 1022 o
324 989 434 1022 mnndi
459 990 628 1030 tenebrosi,

186 1039 283 1076 Quem
309 1045 417 1069 errore
441 1038 621 1077 expurgasti

187 1085 230 1117 Et
256 1084 400 1116 doctrina
422 1084 600 1117 illustrasti.

484 1185 548 1216 100.
575 1184 620 1216 Ad
639 1184 811 1224 gloriosum
831 1185 1046 1216 Iheronimum.

807 1256 838 1288 2.
864 1255 964 1287 Posce
985 1254 1076 1287 nobis
1101 1258 1241 1287 sanctam
1266 1255 1372 1294 vitam,

866 1301 965 1333 Donis
988 1301 1049 1333 Dei
1074 1302 1264 1340 redimitam,

865 1348 914 1380 Tu
939 1348 979 1380 ab
1002 1349 1094 1380 hoste
1117 1357 1174 1380 nos
1201 1351 1297 1391 tuere,

865 1394 996 1434 Semper
1019 1399 1123 1427 tecum
1149 1395 1190 1427 da
1214 1397 1362 1435 gaurum.

154 1278 161 1286 .
187 1256 267 1294 Ave,
294 1254 373 1286 felix
397 1255 576 1287 Iheronime

185 1301 423 1341 Doctorumque
445 1301 652 1340 sanctissime,

187 1348 237 1380 Tu
263 1357 296 1379 es
321 1349 472 1388 templum
500 1348 626 1380 deitatis

185 1394 229 1427 Et
257 1395 433 1434 exemplum
459 1395 618 1435 puritatis.

482 1494 535 1527 101.
564 1494 670 1527 Oratio
691 1496 826 1527 seeunda
846 1495 886 1526 ad
906 1495 1044 1527 eundem.

150 1579 157 1588 .
182 1557 289 1597 Ave,
315 1564 438 1595 gemma
462 1555 688 1594 confessorum,
866 1557 959 1590 Dona
982 1565 1107 1589 earnem
1133 1561 1322 1598 temperare,

184 1604 264 1645 Ave,
291 1604 395 1635 nitens
419 1601 477 1635 flos
503 1603 676 1641 doctorum,

231 1650 410 1682 Iheronime
435 1649 538 1689 beate,

184 1699 248 1730 Par
275 1697 389 1729 Heliae
412 1698 445 1729 in
471 1697 596 1740 vestitu,

183 1744 405 1776 Praecursoris
430 1746 521 1777 utens
546 1744 610 1776 ritu

230 1792 266 1823 ln
292 1792 377 1823 vitae
401 1792 579 1831 sanctitate,

182 1839 340 1871 Haereses
365 1842 401 1870 tu
427 1839 620 1880 exstirpasti,

183 1885 300 1918 Fidem
325 1895 433 1918 veram
456 1886 605 1919 exaltasti

228 1933 385 1966 Doctrina
409 1934 634 1973 praecellente,

184 1981 319 2013 Carnem
344 1984 429 2014 tuam
458 1981 637 2022 macerasti,

184 2028 307 2061 Cuncta
329 2037 412 2061 vana
435 2028 585 2061 refutasti

227 2076 337 2108 Mente
361 2079 450 2108 recta
475 2076 625 2109 dictante.

146 2156 152 2162 .
180 2132 324 2173 Salve,
350 2134 402 2166 vir
425 2132 634 2174 admirabilis,

181 2181 307 2213 Virtute
330 2180 509 2220 ineffabilis,

226 2227 278 2261 Ex
304 2228 386 2261 dono
413 2228 551 2269 deitatis,

179 2276 229 2308 Tu
252 2276 405 2316 splendor
429 2275 615 2318 patientiae,

181 2323 223 2356 Os
249 2324 348 2356 mirae
373 2323 571 2365 eloquentiae

225 2371 275 2403 Ac
298 2375 392 2403 tenor
416 2372 582 2411 castitatis,

865 1604 962 1636 Viciis
986 1604 1166 1637 renuntiare

909 1651 954 1684 Et
978 1651 1044 1684 Deo
1068 1651 1227 1689 oboedire¹

864 1698 981 1733 Confer
1005 1699 1109 1731 hostes
1133 1707 1285 1740 superare

865 1746 908 1778 Et
933 1746 973 1777 de
995 1746 1086 1778 malis
1111 1747 1315 1787 triumphare,

907 1793 1063 1825 Mundum
1087 1793 1183 1834 plene
1205 1795 1304 1827 odire.

806 1870 813 1875 -
829 1876 836 1883 .
864 1849 950 1883 Gau
960 1850 980 1881 d
992 1859 1027 1890 e,
1055 1853 1141 1882 tutor
1166 1851 1389 1891 orphanorum,

862 1896 945 1929 Nam
969 1900 1002 1929 te
1026 1906 1165 1929 summus
1191 1907 1247 1930 rex
1269 1900 1414 1938 polorum

909 1944 1040 1977 Honore
1064 1946 1237 1985 coronavit,

862 1991 908 2024 Te
932 1992 1067 2024 Iohanni
1090 1992 1276 2033 baptizanti,

863 2038 1021 2071 Christum
1057 2048 1151 2071 carne
1184 2040 1413 2073 demonstranti

909 2087 947 2119 In
972 2087 1084 2118 merito
1108 2088 1273 2128 aequavit;

861 2135 950 2175 Roga
976 2143 1100 2166 cursum
1125 2136 1209 2167 vitae
1233 2135 1335 2168 bonae

859 2181 905 2214 Et
928 2182 1064 2222 implora
1089 2191 1178 2223 spem
1204 2191 1340 2215 coronae

909 2232 939 2262 A
961 2229 1049 2262 fonte
1071 2230 1210 2273 pietatis,

861 2278 912 2309 Tu
934 2278 969 2309 in
991 2277 1060 2310 vita
1082 2286 1135 2312 me
1158 2286 1302 2311 securum

863 2324 986 2365 Redde,
1012 2324 1080 2357 Deo
1106 2323 1278 2357 fruiturum

910 2372 946 2404 In
972 2380 1083 2405 aevum
1110 2381 1178 2405 oum
1204 2372 1316 2406 beatis.
