1655 2573
790 168 1044 203 -128—

290 266 321 300 3.
348 267 410 307 Sic,
436 269 568 307 patrone
592 265 669 297 mihi
694 264 784 301 bone,

349 313 549 355 Impetrabis‚
575 311 749 352 adiuvabis,

350 360 502 401 Spernam
519 359 669 391 mundum
682 361 746 389 tam
760 357 892 387 immun-

670 404 753 444 dum,

348 453 460 484 Amem
478 452 635 483 Christum
660 458 774 488 sequar
796 448 891 479 istum

400 498 478 530 Cum
503 496 739 534 benevolentia;

347 544 409 575 Hic
431 544 559 580 servire,
586 541 735 573 oboedire

348 590 479 629 Semper
504 589 572 621 Deo
597 597 745 628 quaeram
769 595 839 619 meo

347 637 384 668 In
410 636 567 667 mandatis
592 635 653 666 rite
679 634 761 666 datis

351 684 391 714 At
426 682 539 722 positis
563 682 754 721 praepositis

399 730 490 762 Omni
515 729 677 768 patientia.

317 829 325 836 .
351 805 449 836 Pater
473 805 585 844 plenus
610 805 739 845 pietate,

399 852 468 883 Tua
492 856 566 883 sunt
589 851 738 890 suffragia

349 898 468 938 Magna
492 899 595 940 valde,
622 907 734 938 sparsa
758 897 832 936 late,

397 945 487 983 Quod
512 945 650 984 probant
672 943 839 983 naufragia

353 991 603 1031 Submersorum,
630 992 670 1023 ad
696 994 728 1022 te
753 992 842 1030 grate

400 1039 458 1077 Qui
486 1038 605 1070 dabant
628 1038 783 1078 passagia.

317 1139 324 1146 .
349 1114 466 1152 Quater
492 1113 588 1144 denos
612 1112 815 1152 naufragatos

398 1159 523 1191 Mersos
548 1160 736 1199 revivificaS,

350 1206 490 1238 Maestos
514 1215 573 1246 per
597 1209 629 1238 te
652 1206 839 1238 iucundatos

397 1254 434 1285 In
459 1252 523 1285 fide
549 1253 714 1293 certificas‚

352 1299 454 1341 Super
478 1301 592 1332 multos
616 1300 820 1340 perturbatos

395 1347 458 1379 Res
483 1346 561 1379 facis
587 1346 745 1381 mirificas,

965 262 995 292 6.
1022 257 1179 291 Visitator
1204 253 1375 287 confutasti

1066 302 1240 335 Daemonis
1262 300 1487 341 praesent-iam,

1022 349 1185 382 Antistitis
1214 350 1261 380 sic
1284 347 1402 387 fugasti

1068 397 1176 428 Luxus
1202 394 1441 432 vehementiam,

1023 443 1188 484 Impudico
1211 442 1391 481 impetrasti

1071 490 1144 522 Seni
1167 489 1398 521 continentiam.

991 612 998 620 .
1024 588 1198 620 Miserator
1220 587 1417 628 miserorum,

1070 635 1126 667 Me
1150 635 1258 667 levare
1281 642 1429 674 propera,

1023 682 1110 714 Mole
1134 690 1268 713 mersum
1294 684 1505 723 peccatorum,

1070 729 1120 761 Ne
1143 730 1184 761 ad
1209 729 1294 760 mala
1317 737 1415 768 opera

1024 776 1166 816 Unquam
1200 776 1307 808 trahat
1333 776 1397 807 dux
1421 775 1572 807 malorum

1071 823 1170 855 Obsta
1195 825 1227 853 et
1250 823 1443 862 impropera.

990 944 996 951 -
1025 922 1049 954 O
1075 922 1218 962 Andrea‚
1245 921 1303 953 sub
1328 922 1437 962 Aegea

1026 969 1277 1009 Consummatus‚
1303 969 1458 1010 cogitatus

1028 1017 1133 1048 Vanos
1159 1017 1252 1056 pelle,
1279 1016 1397 1047 malum
1422 1015 1505 1047 velle

1027 1062 1081 1094 Sic
1105 1067 1225 1103 averte,
1251 1063 1375 1095 vincam
1399 1071 1457 1102 per
1484 1065 1515 1093 te

1073 1109 1244 1142 Daemonis
1268 1110 1440 1149 malitiam3

1027 1158 1051 1189 O
1077 1166 1169 1196 quam
1194 1166 1250 1188 rea
1275 1159 1323 1188 est
1346 1165 1435 1188 mens
1459 1165 1538 1196 mea,

1027 1205 1064 1236 In
1090 1204 1222 1235 occultis
1246 1204 1340 1236 malis
1363 1204 1480 1245 multis,

1026 1251 1112 1290 Quae
1137 1251 1268 1291 dignare
1292 1259 1452 1290 excusare,

1031 1299 1106 1330 Post
1127 1298 1207 1329 haec
1231 1301 1354 1339 gratum
1373 1298 1415 1329 da
1431 1297 1575 1330 ducatum

1074 1345 1128 1377 Ad
1155 1346 1235 1376 caeli
1259 1345 1422 1378 laetitiam.

357 1420 437 1447 Orat.
457 1429 510 1448 ms.
532 1421 716 1449 Carthusian.
737 1429 813 1448 saec.
837 1420 879 1448 15.
920 1417 989 1448 Cod.
1011 1419 1114 1455 Capiti.
1134 1420 1284 1447 Treviren.
1306 1417 1370 1446 116.

726 1539 785 1570 251.
816 1540 858 1571 De
878 1540 983 1571 sancto
1002 1538 1136 1570 Andrea.

318 1653 325 1660 .
352 1628 454 1671 Salve,
482 1628 573 1660 iubar
596 1629 766 1671 radiosum,

355 1675 478 1706 Novum
507 1676 594 1707 sidus
619 1676 806 1707 luminosum

355 1722 476 1753 Lumen
502 1723 580 1753 dans
605 1721 761 1762 fidelibus,

357 1769 513 1809 Andreas,
541 1769 658 1801 Christi
682 1768 829 1803 famulus,

323 1870 329 1877 .
356 1843 459 1885 Salve,
486 1844 588 1875 crucis
614 1845 826 1887 praedicator,

361 1890 455 1922 Verbi
479 1891 541 1922 Dei
565 1891 745 1932 seminator,

358 1936 421 1969 Per
448 1938 592 1969 virtutem
615 1941 744 1970 sanctae
769 1940 871 1971 crucis

358 1985 441 2016 Para
465 1985 555 2016 nobis
579 1985 660 2017 viam
689 1986 777 2018 lucis.

325 2084 332 2091 .
358 2059 460 2101 Salve,
489 2060 600 2091 salutis
624 2061 761 2103 nuntius,

356 2105 477 2138 Mundo
502 2106 615 2138 missus
642 2107 802 2147 divinitus,

358 2152 499 2191 Regnum
524 2152 586 2183 Dei
607 2154 796 2191 praedicare

359 2197 402 2228 Et
427 2199 509 2236 quod
534 2199 650 2229 iustum
676 2203 725 2231 est
748 2209 864 2233 amare.

307 2284 333 2305 ·.
361 2272 463 2310 Salve,
490 2272 578 2303 vivus
603 2274 828 2314 aquaeductus,

364 2320 460 2358 Quem
485 2327 549 2350 non
571 2319 666 2350 laesit
682 2321 779 2352 maris
794 2319 907 2352 fluctus

362 2366 430 2398 Nec
454 2368 624 2404 tempestas
648 2375 707 2397 nec
732 2368 874 2406 procella

361 2413 470 2453 Neque
494 2413 597 2445 minae
620 2422 722 2453 neque
743 2414 836 2446 bella.

970 1630 1001 1661 5.
1029 1628 1134 1669 Salve,
1159 1629 1250 1660 miles
1277 1628 1396 1661 Christi
1420 1628 1521 1665 fortis,

1029 1676 1112 1707 Nam
1136 1676 1175 1707 de
1198 1676 1300 1715 portis
1327 1676 1415 1707 dirae
1438 1675 1547 1707 mortis

1030 1723 1150 1755 Multas
1176 1726 1285 1763 gentes
1312 1722 1480 1754 detraxisti

1030 1770 1093 1801 Per
1116 1770 1266 1802 virtutem
1293 1770 1396 1802 crucis
1423 1769 1550 1802 Christi.

971 1846 1002 1878 5.
1029 1845 1132 1889 Salve,
1161 1846 1245 1878 vitae
1268 1855 1361 1878 verus
1382 1844 1483 1886 testis,

1031 1893 1142 1924 Dulcis
1169 1902 1265 1925 sonus
1291 1896 1324 1925 et
1348 1893 1503 1932 caelestis,

1032 1940 1179 1972 Lucerna
1204 1940 1269 1972 fide
1293 1940 1426 1981 fulgida,

1033 1987 1131 2019 Laete
1156 1987 1299 2028 pandens
1322 1988 1481 2020 caelestia.

999 2087 1006 2095 .
1036 2062 1140 2102 Salve,
1167 2066 1201 2094 tu
1227 2064 1283 2095 lux
1310 2063 1476 2106 catholica,

1034 2109 1138 2151 Salve,
1166 2111 1312 2142 caelestis
1339 2110 1471 2150 cithara,

1033 2157 1101 2195 Qua
1124 2157 1244 2189 Christi
1272 2158 1466 2198 evangelium

1037 2201 1143 2243 Corda
1167 2204 1273 2242 replet
1294 2203 1449 2239 fidelium.

1002 2300 1010 2307 .
1037 2276 1140 2316 Salve,
1165 2286 1282 2316 praeco
1307 2281 1420 2311 summi
1444 2280 1539 2321 regiS,

1035 2322 1175 2362 Fuigens
1200 2323 1305 2356 forma
1328 2335 1430 2359 novae
1452 2328 1533 2369 legis

1037 2370 1076 2401 In
1099 2370 1182 2402 valle
1207 2371 1268 2403 hac
1291 2372 1439 2406 miseriae

1038 2416 1083 2448 Et
1106 2417 1168 2448 iter
1192 2419 1335 2457 pandens
1361 2422 1493 2462 gratiae.
