1655 2573
758 158 807 164 —
855 137 922 173 146
969 152 1018 160 —

657 230 721 261 279.
752 228 797 263 De
817 235 856 257 ss.
876 223 1102 265 Evangelistis.

254 299 286 334 1.
311 301 335 332 O
362 300 572 340 evangelistae
594 298 686 339 grati,
951 295 981 327 6.
1007 293 1131 332 Totque
1156 291 1219 323 viri
1241 299 1297 322 vos
1322 290 1355 321 in
1380 290 1457 332 igne

311 347 423 378 Patres
451 346 512 377 mei
536 344 716 385 praeoptati
1007 338 1109 371 Deum
1135 338 1353 370 collaudantes
1380 338 1475 377 digne

378 392 417 423 In
443 391 547 423 cordis
570 388 794 429 promptuario,
1053 386 1117 417 Tot
1139 393 1259 424 vosque
1287 384 1444 426 animalia,

310 437 423 477 DictiS,
449 436 577 474 scriptis
603 435 678 466 estis
701 434 772 474 rati,
1007 430 1532 471 Pulchraeformaetambenignae.

312 483 422 514 Multis
447 482 549 513 modis
571 479 766 520 praesignati
1008 479 1099 518 Quod
1122 479 1274 511 virtutum
1300 487 1358 517 per
1381 479 1505 518 insigne

358 528 496 559 Numero
522 526 733 566 quaternario.
1055 526 1136 558 Sunt
1159 534 1317 566 nunquam
1342 525 1410 558 visa.
1430 525 1516 557 talia.

250 586 283 616 2.
309 585 462 622 Quattuor
486 590 545 622 per
570 583 756 615 documenta
950 585 980 615 7.
1005 583 1169 615 Matthaee
1193 582 1286 614 homo
1312 582 1427 623 divine,

310 629 455 661 Paradisi
479 637 535 661 vos
558 628 677 661 fluenta
1004 630 1028 663 O
1054 632 1089 661 tu
1113 630 1201 662 Luca
1224 629 1368 668 vituline,

355 676 469 707 Totum
496 676 604 707 orbem
627 675 819 715 perfunditis
1052 676 1107 709 Me
1130 685 1302 716 pauperem
1326 676 1491 718 attendite,

306 724 429 762 Totque
451 722 538 754 fabri
562 726 761 755 sacramenta.
1005 723 1029 757 Ο
1059 726 1094 754 tu
1116 724 1228 755 Marce
1251 722 1384 766 leonine,

307 771 370 802 Vos
395 768 567 801 formantes
592 773 626 801 et
646 768 797 809 figmenta
1004 770 1029 803 Ο
1054 771 1211 802 Iohannes
1235 769 1383 811 aquiline,

354 816 538 849 Errantium
563 817 765 849 contunditis.
1051 817 1106 848 Me
1128 817 1238 856 regite,
1267 815 1439 849 defendite.

249 874 280 905 3.
305 873 460 911 Quattuor
482 872 525 905 ad
550 881 656 904 omnes
680 876 788 912 gentes
943 875 973 905 8.
1002 872 1043 906 Ut
1068 873 1160 905 homo
1188 872 1387 915 discretione,

307 919 389 951 Auri
414 918 523 951 circuli
547 918 685 951 ferentes
1003 920 1067 952 Bos
1094 919 1196 951 carnis
1220 919 1412 952 mactatione

353 965 471 998 Arcam
496 966 574 1005 legis
599 965 729 1008 opificis,
1050 966 1142 998 Fiam
1173 966 1207 997 in
1233 966 1352 998 cunctis
1375 964 1527 1006 gestibus,

310 1014 373 1046 Tot
396 1015 428 1043 et
450 1012 577 1045 ordines
602 1012 758 1052 fulgentes
1003 1014 1069 1045 Leo
1090 1014 1123 1045 in
1148 1012 1362 1055 temptatione,

310 1059 448 1091 Gemmis
473 1061 591 1091 vestem
616 1059 770 1099 polientes
1004 1060 1083 1092 Avis
1109 1059 1373 1099 contemplatione

354 1106 510 1138 Altissimi
534 1104 703 1145 pontificis.
1051 1107 1128 1139 Cum
1144 1107 1229 1139 veris
1247 1106 1366 1140 Christi
1382 1104 1528 1138 testibus.

251 1163 284 1194 4.
310 1162 433 1201 Totque
454 1164 560 1193 terrae
582 1170 638 1194 vos
662 1162 785 1195 minora
947 1164 980 1195 9.
1001 1163 1040 1195 In
1063 1162 1241 1195 scribendis
1267 1162 1386 1196 Christi
1411 1163 1508 1203 gestis

308 1208 372 1240 Sed
397 1211 429 1239 et
452 1208 645 1248 sapientiora
1006 1209 1129 1253 Verbis,
1155 1209 1254 1250 signis
1278 1209 1456 1241 manifestis

355 1255 474 1288 Ceteris
499 1255 703 1294 sapientibus,
1052 1257 1116 1289 Vos
1140 1257 1253 1289 summi
1278 1256 1469 1296 cancellarii,

308 1302 373 1333 Tot
394 1311 451 1333 vos
477 1301 659 1335 difficiliora
1004 1303 1129 1335 Vestris
1156 1303 1285 1343 scriptis
1308 1303 1528 1342 praehonestis

306 1348 359 1380 Ad
384 1349 513 1386 plenum
536 1349 570 1379 in
594 1349 682 1380 nulla
705 1350 784 1381 hora
1004 1351 1057 1382 Ad
1080 1349 1162 1383 festa
1186 1351 1277 1390 regni
1302 1350 1445 1382 caelestis

355 1394 526 1427 Nosccnda
550 1395 669 1426 cunctis
685 1395 851 1429 mentibus.
1051 1397 1115 1429 Vos
1139 1398 1241 1429 nostri
1265 1398 1435 1431 veredarii.

252 1450 283 1481 5.
308 1449 371 1481 Tot
395 1452 427 1480 et
448 1449 598 1481 ianitores
622 1453 751 1494 stantes,
924 1454 977 1486 10.
1006 1455 1030 1486 Ο
1058 1453 1221 1496 quadriga,
1244 1455 1469 1486 salvandarum

303 1495 437 1527 Domum
461 1496 523 1528 Dei
546 1501 765 1529 conservantes
1005 1500 1096 1532 Felix
1120 1500 1242 1531 vectrix
1267 1500 1452 1542 animarum,

350 1541 402 1574 Ab
428 1542 548 1582 impetu
573 1543 756 1584 crudelium,
1051 1547 1114 1578 Per
1137 1546 1230 1578 triste
1253 1547 1364 1578 mundi
1391 1548 1530 1589 spatium

309 1588 371 1620 Tot
395 1589 558 1621 columnae
580 1590 664 1621 hanc
678 1594 851 1633 portantes,
1007 1592 1120 1624 Vehite
1143 1601 1194 1624 me
1217 1597 1357 1625 vestrum
1383 1603 1500 1638 carum,

307 1634 370 1667 Tot
391 1636 479 1666 venti
502 1635 696 1668 vivificantes
1007 1639 1071 1674 Ubi
1095 1639 1174 1671 nihil
1200 1643 1250 1671 est
1272 1649 1423 1684 amarum,

353 1681 486 1714 Animas
510 1681 694 1715 infidelium.
1051 1687 1104 1718 Ad
1130 1686 1281 1718 caelicum
1303 1688 1465 1727 palatium.

312 1746 390 1773 Orat.
413 1755 466 1773 ms.
489 1746 671 1775 Carthusian.
692 1756 767 1776 saec.
790 1747 835 1776 15.
877 1750 947 1778 God.
968 1751 1063 1787 Capit.
1083 1752 1231 1781 tta-evitem
1254 1750 1316 1780 116.

663 1857 802 1889 280.1)e
822 1860 927 1891 sancto
948 1860 1090 1901 Geor-gio.

246 1922 276 1954 1.
304 1922 399 1955 Solve
425 1926 544 1963 eaptoS,
571 1924 687 1965 Georgi
708 1926 809 1971 beate,
921 1931 952 1962 3.
978 1931 1100 1962 Averte
1110 1931 1203 1975 111313,
1219 1932 1524 1978 quaeformidamus,

306 1970 429 2010 Carnis,
454 1971 578 2002 animae
602 1973 794 2017 captivitate,
979 1977 1254 2017 Temptationibus
1280 1989 1453 2022 careamus,

302 2016 472 2049 Laetemur
495 2020 629 2057 perenni
652 2019 810 2055 libertate.
974 2024 1528 2070 Poscenobisbona,quaesperamus

246 2072 278 2104 2.
303 2072 486 2112 Languidos
508 2082 598 2106 sacro
615 2084 693 2107 sana
707 2079 849 2120 pree-atu,
916 2081 948 2112 4.
974 2080 1106 2112 Veniam
1129 2082 1266 2121 impetra
1293 2084 1492 2129 delictorum,

306 2118 423 2151 Libera
446 2130 503 2152 nos
528 2121 568 2152 ab
594 2122 677 2153 0111111
700 2127 801 2163 reatu,
979 2127 1029 2158 Ne
1047 2131 1159 2161 catena.
1170 2130 1307 2170 stringat
1318 2141 1377 2163 nos
1390 2111 1528 2176 reoru⁷m,

302 2164 400 2205 Digni
424 2166 520 2197 simus
545 2170 598 2199 tuo
624 2169 783 2201 comitatu.
979 2173 1043 2205 Sed
1059 2176 1246 2215 praecingat
1256 2177 1340 2209 stola
1351 2178 1527 2214 beatorum.

581 2225 612 2255 5.
637 2223 766 2268 Locum,
792 2234 844 2257 res
869 2231 902 2258 et
923 2236 1078 2266 personas
1101 2240 1263 2275 conserva,

636 2270 860 2303 Persecutores
883 2277 1007 2306 nostros
1033 2284 1159 2318 enerve,

634 2315 684 2348 Ne
706 2317 740 2348 in
763 2327 821 2350 nos
850 2325 1021 2353 exerceant
1044 2327 1204 2361 proterva.

305 2377 382 2406 Orat.
403 2386 457 2406 ms.
478 2378 659 2411 Carthusian.
679 2387 757 2409 saec.
782 2380 826 2409 15.
866 2384 934 2413 Cod.
959 2386 1053 2423 Capit.
1072 2389 1222 2417 Tre-vireu.
1245 2390 1307 2423 116.
