1655 2573
741 148 996 185 -168—

572 250 602 282 5.
631 249 670 280 In
693 246 754 279 hac
776 247 844 279 vita
866 244 919 277 fac
940 253 998 276 nos
1021 251 1118 283 puros

630 294 841 333 supernorum
867 292 913 323 sic
940 299 1077 331 securos,

674 341 750 373 Cum
775 339 862 372 venit
886 338 996 370 mortis
1021 337 1108 377 hora,

629 389 678 421 Ut
697 389 774 418 tunc
796 385 893 417 simus
917 384 1103 425 supernales

628 433 820 466 Gaudiorum
840 432 1002 472 partiales,

673 479 734 510 Pro
759 479 849 511 nobis
875 487 979 511 exora.

300 565 380 592 Orat.
403 572 454 590 ms.
476 563 679 591 Charthusian.
700 571 773 590 saec.
796 560 840 590 15.
871 562 939 590 Cod.
963 561 1057 597 Capit.
1075 562 1224 589 Treviren.
1246 557 1300 588 116
1320 560 1353 587 A.
1373 574 1411 580 -—
1432 558 1510 586 Orat.

222 610 264 629 ms
298 610 371 629 saec.
390 600 432 628 15.
461 601 529 629 cod.
551 600 804 634 Guelfenbyteran.
827 597 899 627 1433
917 598 1139 631 (Helmstadien.
1162 596 1254 632 1320.)
1272 598 1305 624 B.
1328 613 1362 617 -—
1384 597 1408 630 1,
1430 594 1446 623 6
1465 597 1511 624 Tu

218 638 300 702 facvor
312 639 346 666 A.
366 653 403 702 ῖ
423 636 450 674 3,
470 637 487 666 3
501 638 572 665 Post
591 638 746 673 opprobria
759 638 791 665 B.
821 652 848 657 -
869 634 894 670 3,
915 636 934 664 4
946 637 1045 665 Atroci
1065 637 1144 664 cruci
1158 637 1190 663 B.
1206 652 1241 656 -—
1254 633 1281 668 4,
1301 634 1321 662 4
1344 634 1511 663 Promultor

219 684 234 703 e
266 683 359 703 novae
406 695 412 702 .

620 813 681 844 316.
712 813 755 844 De
775 821 815 844 ss.
835 813 926 844 Petro
948 812 979 843 et
997 812 1102 843 Paulo.

908 900 961 934 15.
990 901 1051 932 Pro
1075 899 1140 932 fide
1165 900 1293 931 calicem
1321 899 1446 931 bibistis

321 901 455 938 Salvete,
481 900 734 940 praeclarissima

318 948 382 979 Vos
408 947 487 978 caeli
510 948 687 985 luminaria,

319 995 343 1026 O
368 994 528 1034 principes
552 994 653 1025 incliti

317 1041 361 1072 Et
385 1042 523 1072 rectores
548 1041 667 1080 populi,

260 1089 291 1120 5.
319 1087 487 1119 Columnae
511 1095 567 1119 vos
591 1086 788 1118 firmissimae

317 1133 453 1165 Sanctae
478 1133 595 1166 Christi
620 1133 770 1164 ecclesiae

317 1180 364 1211 Tu
386 1180 523 1219 claviger
540 1180 706 1220 caelorum,
732 1180 835 1217 Petre,

908 1136 962 1167 20.

986 946 1156 988 Passionis,
1184 954 1273 986 quem
1294 948 1370 977 tunc
1383 945 1508 986 sitistis,

987 994 1025 1025 In
1050 993 1209 1033 potentias
1232 993 1387 1025 introistis

989 1040 1123 1080 Domini,
1149 1043 1182 1070 ut
1210 1039 1425 1072 desiderastis.

987 1086 1047 1127 Sis,
1065 1090 1174 1118 sancte
1190 1087 1296 1126 Petra,
1314 1087 1392 1117 mihi
1404 1084 1509 1117 fautor

986 1133 1032 1165 Et
1055 1133 1260 1165 absolutionis
1285 1135 1385 1175 autor,

986 1180 1044 1221 Tu,
1070 1180 1175 1219 Paule,
1198 1189 1254 1211 vas
1281 1179 1452 1220 electioniS,

987 1227 1037 1259 Sis
1062 1229 1166 1258 rector
1189 1235 1278 1258 meae
1302 1226 1444 1266 rationis,

985 1274 1033 1306 Ut
1056 1276 1129 1305 aeta
1151 1274 1235 1305 mala
1261 1273 1460 1312 displiceant,

986 1320 1028 1351 Et
1054 1328 1148 1351 verae
1172 1320 1304 1351 virtutes
1328 1320 1485 1361 placeant,

988 1366 1107 1405 Quibus
1131 1367 1209 1398 mihi
1234 1367 1407 1407 propitium

984 1413 1129 1445 Habeam
1152 1413 1215 1445 Dei
1237 1413 1349 1454 filium,

988 1459 1081 1492 Cuius
1107 1469 1214 1492 amara
1235 1461 1340 1500 passio

985 1506 1060 1538 Mea
1083 1506 1140 1539 fiat
1160 1508 1346 1545 redemptio.

314 1227 363 1259 Tu
391 1226 501 1258 doctor
526 1226 677 1265 veritatis,
703 1227 810 1259 Paule.

313 1274 378 1305 Vos
402 1273 501 1304 verba
522 1273 609 1304 vitae
631 1274 819 1317 seminastis,

315 1320 491 1351 Ecclesiam
515 1319 576 1351 Dei
600 1320 726 1361 rigastis

317 1367 394 1398 Cum
419 1369 523 1398 vestro
548 1375 637 1398 sacro
662 1367 812 1405 sanguine

315 1413 375 1444 Pro
402 1412 522 1444 Christi
547 1412 620 1443 Iesu
642 1413 777 1444 nomine.

315 1458 405 1491 Pleni
431 1459 556 1490 ardenti
582 1459 712 1490 caritate

313 1505 359 1536 Et.
378 1502 543 1536 affluentes
566 1505 685 1544 pietate

236 1320 290 1352 10.

904 1369 959 1401 25.

297 1586 376 1613 Orat.
396 1595 451 1613 ms.
471 1585 655 1614 C'arthusian.
676 1594 749 1613 saeC.
773 1586 815 1615 15.
850 1588 918 1615 Cod.
939 1588 1033 1623 Capit.
1053 1588 1199 1615 Treviren.
1224 1586 1285 1616 116.

590 1732 648 1763 317.
679 1732 722 1763 De
742 1740 780 1764 ss.
801 1733 942 1775 Philippo
964 1735 996 1764 et
1017 1734 1135 1766 Iacobo.

236 1820 267 1852 1.
293 1820 317 1852 Ο
340 1819 488 1860 Philippo
508 1822 676 1861 populator

290 1866 406 1899 iacobe
429 1876 467 1898 ac
490 1868 711 1906 supplantator

335 1913 482 1945 Sordium
505 1914 662 1946 vitiorum.

285 1960 378 1992 Miris
404 1961 494 1992 donis
519 1965 625 1994 vestra
650 1963 715 1994 vita

290 2006 349 2038 Est
371 2007 521 2041 virtutum
546 2009 726 2048 praepolita

336 2055 387 2086 Ac
412 2054 565 2094 dignitate
590 2064 719 2089 morum.

906 1825 936 1857 3.
963 1824 1189 1856 Pessumdatus
1214 1824 1378 1864 lapidatur

961 1870 1129 1910 Philippus
1154 1874 1185 1902 et
1209 1871 1387 1904 trucidatur

1008 1918 1117 1950 Crucis
1142 1916 1324 1958 afflictione,

961 1963 1093 1996 Terram
1118 1968 1259 1997 sanctam
1284 1974 1404 1997 summe
1424 1967 1508 1998 rexit

961 2010 1095 2043 Iacobus
1120 2015 1215 2051 atque
1238 2013 1380 2052 protexit

1007 2058 1168 2090 Praesulis
1193 2059 1338 2091 statione.

232 2129 262 2160 2.
288 2128 403 2160 Vestra
428 2129 522 2169 digna
547 2130 733 2162 documenta

289 2173 469 2214 Fulgebant
490 2180 527 2207 ut
550 2175 746 2209 firmamenta

336 2221 373 2252 In
398 2226 476 2253 nutu
502 2222 638 2264 deitatis,

287 2267 399 2299 Multis
424 2269 568 2307 gentibus
592 2269 762 2302 submersis

290 2313 487 2346 Subvenistis
508 2315 557 2347 his
583 2317 741 2349 conversis

336 2361 444 2394 Morte
471 2362 663 2399 acerbitatis.

903 2134 935 2166 4.
961 2132 1050 2165 Tunc
1073 2134 1174 2165 iustus
1198 2134 1429 2173 praecipitatur

960 2178 1011 2211 De
1035 2180 1153 2219 templo
1178 2184 1210 2211 et
1232 2180 1404 2220 lapidatur,

1008 2226 1149 2258 Tandem
1172 2227 1399 2267 martyrizatur

961 2272 1063 2304 Saeva
1085 2273 1207 2312 pertica
1231 2273 1378 2314 fullonis;

961 2318 1031 2359 Eia,
1060 2320 1186 2360 quantis
1210 2321 1309 2352 sacris
1337 2322 1427 2354 donis

1008 2368 1039 2398 A
1066 2366 1191 2399 Christo
1216 2368 1414 2404 sublimatur.
