1655 2573
677 136 835 171 -227
885 160 928 164 —-

250 230 293 261 Et
316 229 507 268 piscatorem
533 230 672 262 exaltare

249 276 294 307 Et
317 276 536 316 praerogando
563 278 735 309 sublimare

296 323 411 355 Relatu
437 323 687 363 superbissimo?

157 417 237 450 289.
253 417 331 449 Cum
359 420 464 448 tamen
489 417 574 449 viros
599 417 774 457 piscatores

250 463 319 495 Nec
332 472 382 495 res
398 471 457 495 nee
469 462 554 495 fama
567 473 626 495 nee
638 464 773 496 honores

297 510 441 542 Famosis
476 511 552 542 viris
578 510 772 552 praeferant,

251 557 314 589 Sed
328 556 407 597 ipsis
421 560 580 596 tamquam
593 558 771 598 rusticanis,

249 604 527 643 Suadentibuspro
534 607 664 644 quaestu
671 605 772 645 panis,

295 652 333 683 In
358 651 444 682 nullo
461 659 592 690 prorsus
615 650 771 683 deferant.

152 745 232 777 290.
249 745 328 776 Pars
345 743 441 776 alt⁷ra
459 743 552 775 dicit:
575 743 646 775 Hoc
660 744 774 775 honori

244 791 317 823 Non
341 790 494 832 congruit,
519 792 603 830 quod
621 791 772 830 piscatori

294 837 466 876 Decrepito
492 838 539 869 sic
564 838 698 877 derogas

246 885 292 917 Et
316 884 413 917 moris
440 888 552 916 contra
574 885 730 916 rationem

248 932 408 964 Dilectum
436 934 540 973 tuum,
566 940 658 971 quem
680 940 773 970 prae-

551 986 659 1009 eonem

298 1024 459 1057 Adfirmas
485 1033 564 1063 esse,
590 1033 753 1064 prorogas,

151 1119 231 1152 291.
247 1118 324 1150 Cum
350 1122 455 1150 tamen
477 1127 555 1158 opus
582 1119 773 1157 piscatorum

247 1164 394 1198 Officium
419 1165 461 1196 sit
485 1165 648 1196 beatorum

296 1213 341 1244 Et
364 1212 574 1251 adprobatum
599 1212 748 1252 moribus,

248 1258 457 1299 Officiumque
482 1261 690 1298 praeconatus

246 1307 409 1338 Exereens
416 1315 478 1337 non
485 1306 604 1337 sitmun
609 1306 647 1337 do
654 1309 771 1348 gratus,

296 1354 341 1386 Ut
364 1355 468 1386 sectus
492 1353 531 1384 ab
557 1353 739 1400 honoribus.

153 1448 235 1481 292.
249 1448 426 1480 Praecones
450 1455 586 1486 namque
610 1449 684 1478 sunt
708 1447 771 1478 cla-

548 1494 638 1535 mosi,

247 1541 388 1574 Immites
414 1543 447 1571 et
470 1540 629 1580 malitiosi,

296 1587 535 1628 Sanguinolenti
559 1587 701 1619 vindices

250 1636 420 1668 Saevarum
447 1635 710 1678 persecutionum,

249 1683 431 1722 Causarum,
459 1682 692 1713 exsecutionum

295 1729 452 1762 Letalium
479 1732 552 1760 sunt
574 1729 708 1761 indices.

152 1826 231 1858 293.
244 1824 324 1856 Pars
330 1824 546 1863 praecursoris
554 1824 595 1856 ad
601 1821 754 1855 hocfatur
763 1835 769 1855 :

246 1870 279 1903 Si
306 1871 448 1911 quflibet,
476 1871 528 1910 qui
549 1873 769 1913 praeconatur,

294 1919 515 1952 Involveretur
541 1919 628 1959 vitio,

244 1965 383 1998 Infames
407 1964 512 1998 forent
536 1966 729 2005 sacerdotes,

244 2013 407 2054 Legantur
424 2013 536 2053 quibus
554 2022 666 2045 sacrae
680 2013 770 2045 dotes

293 2062 462 2096 Praeconis
489 2070 558 2092 cum
583 2059 699 2094 officio.

150 2158 227 2190 294.
243 2159 417 2191 Praeterea
441 2157 525 2198 quod
553 2166 644 2189 carus
669 2166 757 2189 meus

243 2206 316 2238 Non
342 2206 385 2237 sit
408 2206 550 2248 immitis,
576 2206 668 2237 novit
682 2205 770 2237 Deus

290 2253 460 2286 Malevolis
487 2254 692 2295 compatienS,

244 2302 308 2336 Sed
333 2310 424 2333 carus
451 2305 523 2334 tuus
550 2303 599 2333 est
622 2301 752 2332 immitis

242 2350 297 2384 Ad
320 2349 549 2389 ulciscendum,
576 2347 676 2380 fomes
696 2349 773 2389 litis,

290 2397 350 2429 Vir
374 2404 485 2429 saevus
511 2399 543 2427 et
566 2397 746 2436 impatiens,

832 235 910 267 295.
926 232 1014 272 Quod
1033 232 1131 271 patet,
1151 230 1222 262 dum
1239 230 1332 261 inniti
1347 232 1446 269 curat,

926 277 1079 312 Caelestis
1106 277 1188 317 ignis
1213 279 1248 308 ut
1274 276 1436 308 comburat

973 324 1185 357 Samaritanos
1208 323 1351 365 accolas3

925 373 988 405 Sed
994 371 1146 410 numquid
1154 370 1192 402 ob
1200 370 1448 409 hocincrepatur

925 421 955 452 A
979 418 1124 457 Domino,
1151 418 1204 457 qui
1229 417 1425 454 humanatur,

973 466 1017 499 Ut
1041 465 1124 497 humi
1152 464 1254 496 salvet
1277 461 1420 495 incolas?

832 549 911 581 296.
926 548 1004 579 Pars
1038 545 1133 578 a1t⁷ra
1161 544 1208 576 sic
1231 543 1402 583 respondet

1224 591 1362 631 primae:

927 640 991 672 Cur
1016 638 1209 671 extolluntur
1232 638 1265 668 in
1290 637 1424 668 sublime

973 687 1139 718 Sermones
1163 684 1210 715 tui
1232 684 1322 724 varii,

926 733 1001 765 Cum
1029 740 1119 763 carus
1144 739 1231 761 meus
1256 733 1330 770 agat
1353 730 1424 768 pie,

923 779 994 820 Dic,
1012 777 1164 817 numquid
1178 785 1289 816 preces
1302 776 1343 808 ad
1356 776 1449 807 Eliae

971 826 1042 858 Duo
1068 823 1336 864 quinquagenarii,

834 906 977 940 29¹7.Ab
1005 905 1141 939 Ochozia
1165 904 1218 943 qui
1243 904 1420 941 mittuntur,

927 953 1063 985 Caelesti
1077 950 1203 982 flamma
1216 951 1448 989 consumuntur,

971 999 1016 1032 Ut
1040 998 1154 1030 recitat
1176 997 1337 1028 historia?

926 1047 1015 1078 Elias
1040 1053 1162 1085 quoque
1188 1043 1432 1081 commendatur,

925 1093 969 1124 Et
993 1092 1111 1124 factum
1137 1091 1217 1122 vatis
1243 1092 1401 1128 exaratur,

973 1139 1023 1171 Ne
1049 1138 1142 1170 cadat
1166 1147 1185 1169 a
1208 1137 1370 1169 memoria.

831 1221 910 1253 298.
925 1221 1004 1253 Pars
1010 1217 1226 1259 praecursoris
1234 1217 1274 1248 ad
1283 1215 1447 1248 hocfatur:

926 1266 1015 1305 Quod
1039 1267 1072 1297 in
1096 1264 1170 1296 Elia
1196 1264 1433 1296 commendatur

972 1312 1098 1345 Amoris
1124 1311 1163 1342 ob
1185 1311 1347 1353 indicium,

925 1360 963 1392 In
990 1369 1062 1391 caro
1087 1361 1140 1390 tuo
1166 1358 1225 1389 hoc
1251 1358 1395 1397 culpatur

925 1407 970 1439 Ut
994 1407 1137 1438 odiosum
1164 1408 1196 1436 et
1221 1406 1388 1436 damnatur

970 1452 1123 1486 Rancoris
1133 1456 1265 1491 propter
1274 1451 1396 1483 vitium.
1405 1468 1446 1472 -

831 1536 909 1568 299.
923 1534 994 1576 Dic,
1002 1532 1153 1572 numquid
1160 1531 1295 1564 Phinees
1301 1531 1450 1562 laudatur

927 1581 972 1613 Et
994 1580 1129 1621 pulchre
1153 1579 1214 1610 sibi
1238 1580 1405 1617 reputatur

971 1629 1025 1660 Ad
1052 1629 1217 1667 perpetem
1237 1625 1401 1665 iustitiam,

924 1676 1014 1716 Quod
1030 1673 1159 1707 Zambri
1178 1674 1305 1713 dignum
1330 1672 1449 1704 ultione

926 1723 1003 1755 Cum
1030 1720 1149 1756 Chozbi
1173 1723 1268 1751 necat
1290 1719 1427 1760 pugione

973 1770 1019 1802 Ob
1045 1769 1175 1801 sceleris
1200 1765 1395 1808 nequitiam?

831 1848 910 1880 300.
924 1847 1004 1879 Pars
1030 1844 1124 1876 alt'ra
1151 1844 1245 1877 dicit:
1274 1843 1335 1874 Dei
1360 1843 1429 1875 zelo

924 1896 1085 1925 Accensus
1112 1891 1257 1932 Phinees‚
1284 1899 1346 1922 non
1372 1891 1439 1922 zelo

971 1938 1124 1972 Rancoris
1146 1936 1327 1969 fornicariis

923 1988 1075 2020 Incensus
1101 1988 1158 2025 est,
1181 1988 1218 2016 ut
1234 1985 1450 2023 exstinguatur

925 2035 978 2067 Sic
1001 2034 1062 2066 Dei
1087 2033 1173 2064 zelus
1198 2034 1230 2063 et
1253 2033 1396 2063 vertatur

971 2083 1001 2113 A
1025 2080 1134 2121 pravis
1160 2079 1323 2119 operariis
1349 2097 1396 2101 —

831 2158 910 2192 301.
925 2158 988 2190 Dic
1011 2158 1087 2189 item
1112 2156 1205 2188 simul
1231 2158 1263 2187 et
1284 2157 1449 2194 memento,

925 2206 961 2239 1n
987 2214 1068 2238 novo
1095 2204 1208 2236 Petrus
1235 2206 1425 2235 testamento

973 2253 1073 2293 Quod,
1092 2254 1187 2292 prout
1198 2252 1302 2285 Lucas
1319 2251 1449 2291 indicat,

927 2301 1061 2333 Reatum
1087 2299 1210 2332 fraudis
1235 2299 1390 2340 gravioris

927 2349 1006 2380 Tam
1030 2348 1176 2381 Ananiae
1200 2356 1294 2387 quam
1317 2346 1425 2378 uxoris

976 2396 1107 2428 Festina
1130 2397 1231 2427 morte
1249 2394 1401 2426 vindicat.

1221 2447 1278 2477 15*
