1655 2573
666 116 922 152 -193—

159 288 190 318 1.
217 282 263 319 Es
285 285 454 325 paradisus
478 287 607 319 Domini

259 332 427 372 Locusque
450 335 634 379 voluptatis,

210 379 256 411 Es
282 379 337 411 lux
363 383 471 413 ereata
496 381 613 413 homini

258 427 399 466 Fulgore
425 428 578 466 caritatis,

212 473 258 505 Es
283 473 331 505 sol
359 473 514 507 desistens
539 476 658 507 nemini

261 520 375 552 Nitore
396 522 535 562 pietatis,

212 567 258 600 Es
283 567 359 599 luna
383 571 492 600 nostro
517 568 630 600 semini

261 613 350 646 Dans
376 615 474 647 robur
498 615 663 648 eastitatis

157 691 189 724 2.
217 686 423 723 Gementibus
449 692 482 721 et
503 688 651 721 flentibus

262 736 307 768 Es
333 745 434 768 annus
458 736 625 776 iubilaeus,

217 782 353 815 Gemens
379 783 437 817 sub
460 783 564 815 sordis
589 783 731 815 sentibus

260 830 323 862 Per
347 833 381 862 te
404 830 543 870 resurgit
566 838 650 870 reus,

215 876 351 909 Gulosus
375 886 434 916 per
457 880 491 909 te
515 877 636 909 eminus

260 924 404 963 Fugatur
427 924 609 963 Iebusaeus‚

214 970 373 1002 Gibbosus
398 971 463 1003 fide
487 970 630 1011 geminus

262 1017 309 1049 Te
332 1016 415 1058 fugit
438 1017 656 1051 ManichaeuS.

748 212 828 245 VIII
831 241 837 248 .

838 290 869 322 3.
893 284 931 321 In
958 286 1053 319 caelis
1078 289 1113 318 tu
1136 295 1215 326 prae
1238 286 1381 318 omnibus

940 334 985 366 Es
1011 333 1111 366 honor
1135 333 1299 372 trinitatis,

892 381 930 413 In
953 384 1042 412 terra
1064 390 1128 420 pax
1154 380 1330 412 hominibus

939 428 985 460 Es
1009 427 1111 459 bonae
1135 427 1317 467 voluntatis,

893 475 932 507 In
955 474 1066 514 poenis
1091 483 1126 506 se
1148 474 1356 514 purgantibus

942 521 1088 553 Solamen
1111 520 1262 559 lenitatis,

895 570 932 601 In
957 568 1037 600 mari
1061 566 1322 607 naufragantibus

941 615 1057 647 Portus
1083 614 1333 654 tranquillitatis

835 692 866 723 4.
894 687 945 722 Tu
967 689 1051 720 inter
1075 689 1183 728 spinas
1208 688 1308 719 lilium

941 735 1010 767 Seis
1035 734 1118 767 filias
1143 742 1266 775 ornare,

893 783 942 815 Tu
967 791 1080 822 vagum
1106 781 1191 821 patri
1215 779 1315 813 filium

940 829 1008 861 Seis
1033 828 1250 866 reconciliare,

893 877 942 908 Tu
964 876 1121 908 mentibus
1145 874 1309 907 humilium

942 923 1083 962 Quietem
1108 922 1170 954 seis
1192 930 1317 962 parare,

893 971 942 1002 Tu
967 978 1068 1009 genua
1094 969 1245 1001 debilium

940 1016 1019 1057 Seis,
1046 1016 1145 1056 virgo,
1172 1015 1332 1050 roborare.

759 1137 817 1170 IX.

451 1235 479 1267 1.
508 1230 626 1266 Eterni
651 1232 751 1272 verbi,
779 1233 859 1263 entis
884 1231 1007 1272 summi,

507 1280 557 1312 De
586 1282 618 1312 te
643 1279 794 1311 stillantis
819 1287 907 1311 more
934 1280 1051 1318 gummi

508 1328 554 1359 Es
579 1330 680 1359 mater
705 1329 737 1357 et
760 1327 916 1358 numisma
939 1326 1067 1365 nummi,

553 1374 613 1412 Qui
636 1375 805 1414 pneumate
831 1372 1026 1413 eoneuditur,

507 1421 656 1453 Matrona
681 1419 773 1451 fortis
798 1422 833 1451 tu
858 1428 890 1451 es
915 1419 981 1459 illa,

506 1469 607 1508 Quam
631 1466 845 1508 praearmavit
868 1467 947 1498 haee
971 1466 1106 1506 armilla,

505 1514 563 1547 Iob
589 1516 798 1554 praenotante
822 1522 884 1553 qua
907 1513 1038 1544 maxilla

549 1561 729 1595 Leviathan
753 1560 962 1600 pertruditur.

476 1664 484 1671 .
509 1635 560 1671 'ru
583 1638 699 1670 mulier
724 1645 767 1676 eS,
793 1645 852 1675 per
876 1645 968 1676 quam
994 1635 1083 1667 Evae

504 1685 662 1717 Funestus
687 1684 808 1724 anguis,
833 1686 944 1724 peetus
969 1683 1039 1715 leve

505 1732 623 1764 Livore
646 1731 764 1763 blando
789 1729 942 1763 fraudans
967 1738 1070 1771 saeve,

549 1779 710 1811 Insidians
737 1778 919 1818 conteritur,

509 1826 557 1858 Tu
582 1824 692 1858 fovens
716 1825 824 1858 David
848 1825 1030 1865 Sunamitis‚

511 1873 560 1905 Tu
584 1874 715 1913 placans
740 1880 846 1912 regem
871 1872 1022 1915 Tecuitis,

505 1920 555 1952 Tu
579 1920 705 1954 botrum
730 1918 860 1961 gignens
886 1918 952 1951 feta
976 1919 1060 1963 vitis,

549 1967 636 2006 Quae
659 1967 692 1999 in
717 1967 878 2008 phalanga
902 1967 1033 2008 geritur.

473 2070 480 2077 .
507 2041 570 2086 En,
596 2043 806 2084 superborum
831 2043 941 2075 subdis
969 2042 1059 2086 eolla,

505 2093 555 2125 Tu
579 2092 649 2132 spei
672 2094 801 2123 nostrae
824 2090 923 2129 lebes,
950 2090 1023 2128 olla,

503 2140 552 2172 Tu
576 2148 691 2179 panem
715 2138 807 2170 nobis
833 2139 890 2172 das
915 2137 1046 2178 sogolla,

553 2187 664 2228 Tuque
689 2185 795 2218 farina
817 2186 931 2226 nitida,

505 2235 551 2268 Es
577 2234 655 2276 olus,
681 2243 740 2275 per
765 2242 857 2274 quam
885 2233 1077 2273 dulcoratur,

503 2283 587 2315 Dum
612 2291 696 2315 mors
721 2282 754 2313 in
781 2281 845 2314 olla
871 2281 1061 2320 dominatur,

501 2332 568 2371 Qua
593 2331 636 2364 ad
660 2329 850 2364 vescendum
872 2330 1086 2370 praeparatur

547 2377 667 2412 Letalis
693 2377 910 2417 colloquitida.

188 2440 304 2466 mame,
318 2437 363 2462 Pia
375 2437 518 2462 Dictamina.

1238 2425 1272 2456 13
