1655 2573
686 127 954 162 —197—

574 222 669 263 Origo
696 221 793 255 fontis
818 226 852 254 tn
877 232 910 255 es
933 224 1008 263 divi,

572 268 658 301 Fons
681 271 765 303 vitae
788 270 930 302 salientis
954 271 1025 310 rivi,

573 316 622 348 Tu
646 325 736 349 sacer
760 315 872 349 fornax
896 317 988 357 panis
1013 318 1087 359 vivi,

621 364 688 403 Quo
712 364 794 396 vivit
816 364 908 395 homo
933 365 1046 397 luteus.

492 421 546 452 21.
573 416 619 453 Es
644 420 691 451 sol
717 420 757 451 de
782 420 848 451 sole
872 420 1002 461 gignens
1026 421 1135 460 solem,

575 467 624 498 Tu
648 467 770 506 prolem
793 467 893 507 prolis
913 476 1028 506 parens
1054 467 1184 508 prolem,

575 514 634 553 Qui
659 513 739 545 caeli
763 514 854 545 molis
880 516 984 545 terrae
1008 515 1119 546 molem

625 560 703 592 Cum
727 560 811 591 mole
833 563 936 600 gestat
960 562 1114 603 aequoris,

574 608 624 639 Tu
649 607 746 638 cassis
771 615 803 637 es
829 607 991 646 captivans
1015 609 1126 651 Deum,

578 653 742 686 Cassilidis
766 653 945 693 producens
971 663 1050 693 eum,

576 699 635 738 Qui
658 699 826 732 extricavit
848 700 1060 732 Asmodaeum

622 746 731 778 Assati
755 748 847 786 parte
871 747 995 781 iecoriS.

810 831 852 863 X.

872 898 902 929 5.
926 893 1127 930 Medicinalis
1154 898 1332 937 camphora,

975 945 1024 976 Tu
1048 945 1196 976 salutaris
1221 945 1305 987 litus,

929 991 978 1022 Tu
1003 1000 1035 1023 es
1061 991 1183 1023 farinae
1207 992 1367 1034 amphora,

196 900 229 933 1.
255 896 477 932 Xristianismi
501 897 624 929 nobiles

301 945 354 977 Ad
381 954 488 977 cenam
515 945 577 975 scis
601 952 726 983 vocare,

252 993 300 1024 Tu
324 999 481 1031 pauperes
507 993 539 1022 et
561 991 681 1022 debiles

299 1038 393 1070 Facis
419 1038 686 1079 adpropinquare,

251 1086 300 1118 Tu
326 1094 445 1124 caecos,
473 1085 612 1123 claudos,
638 1082 769 1124 fragiles

300 1132 472 1173 Compellis
496 1131 686 1171 subintrare,

252 1180 301 1212 Tu
326 1179 475 1220 parvulos
500 1182 531 1209 et
555 1178 688 1209 humiles

298 1227 349 1258 De
377 1235 455 1259 cena
481 1226 537 1257 das
562 1228 699 1265 gustare.

193 1285 225 1317 2.
249 1280 434 1316 Xristicolis
459 1284 493 1313 tu
517 1290 630 1322 sapere

299 1330 366 1362 Das
393 1329 537 1362 veritatis
562 1328 690 1369 fontem,

252 1377 302 1409 Tu
323 1377 396 1408 sinu
419 1375 502 1408 nosti
528 1384 642 1415 capere

303 1424 436 1456 Saevum
461 1422 725 1465 rhinocerontem,

254 1471 303 1503 Tu
323 1471 416 1502 iustis
443 1469 499 1501 das
526 1470 662 1501 evadere

302 1517 477 1550 Obscurum
502 1516 752 1558 Phlegetontem‚

252 1565 302 1597 Tu
326 1573 366 1596 ne
389 1573 448 1602 nos
471 1564 556 1595 sinas
583 1564 697 1595 cadere

300 1613 337 1645 In
362 1611 473 1643 mortis
497 1611 720 1644 Acherontem.

196 1670 227 1701 3.
254 1665 351 1702 Iustis
376 1671 411 1700 tu
436 1676 475 1699 ex
499 1667 684 1707 parentibus

298 1715 344 1748 Es
368 1716 457 1755 virgo
482 1716 659 1757 procreata,

254 1763 303 1795 Tu
328 1763 418 1794 annis
444 1770 464 1792 a
486 1761 666 1793 recentibus

300 1809 426 1842 Divinis
451 1808 641 1848 mancipata,

256 1857 306 1889 Tu
330 1857 442 1889 animis
467 1854 664 1888 ferventibus

300 1905 479 1943 Praecepta
504 1903 663 1942 comitata,

255 1952 304 1984 Tu
328 1952 411 1983 ulnis
438 1959 507 1982 cum
530 1950 739 1983 trementibus

301 1999 487 2033 Portantem
516 1999 707 2039 amplexata.

194 2059 226 2093 4.
252 2054 395 2098 Ingenuo
420 2058 455 2087 tu
479 2055 620 2096 germine

298 2104 414 2137 Prodis
438 2102 658 2144 patriarchali,

250 2152 300 2184 Tu
324 2152 389 2186 alto
413 2153 490 2183 nata
514 2150 667 2191 sanguine

298 2199 422 2232 Radice
447 2198 487 2230 de
511 2198 622 2240 regali,

249 2247 300 2280 Tu
326 2248 412 2280 claro
437 2246 564 2278 scandis
589 2245 709 2278 semine

296 2295 396 2328 Plebe
422 2290 486 2339 [de]
508 2293 700 2334 prophetali,

254 2343 304 2375 Tu
327 2352 418 2378 sacro
442 2342 546 2382 surgis
570 2341 684 2374 ordine

302 2390 411 2431 Stirpe
436 2389 638 2422 sacerdotali.

976 1038 1024 1069 Tu
1049 1038 1110 1070 olei
1134 1038 1269 1077 lecytus,

929 1084 978 1116 Tu
1002 1086 1135 1126 mystica
1159 1084 1348 1124 metaphora

978 1131 1142 1172 Loquendi
1167 1140 1282 1163 ornans
1307 1131 1397 1171 ritus,

930 1178 978 1210 Tu
1004 1182 1150 1219 repetens
1177 1178 1349 1218 anaphora,

978 1226 1045 1264 Qua
1069 1234 1172 1258 sermo
1197 1224 1235 1257 fit
1254 1225 1380 1264 politus.

872 1283 903 1316 6.
928 1279 1036 1315 Imber
1060 1285 1095 1314 tu
1119 1290 1152 1313 es
1175 1282 1368 1324 clementiae,

977 1329 1043 1367 Quo
1069 1331 1231 1360 recreatur
1255 1337 1338 1370 reus,

930 1376 979 1407 Tu
1003 1385 1070 1416 vas,
1099 1376 1133 1406 in
1158 1375 1241 1414 quod
1266 1375 1456 1414 prudentiae

976 1422 1031 1454 Sal
1055 1422 1153 1454 mittit
1175 1422 1330 1461 Elisaeus‚

930 1469 979 1501 Tu
1002 1470 1165 1509 templum,
1192 1469 1275 1508 quod
1299 1469 1330 1500 in
1356 1467 1439 1500 facie

979 1516 1105 1548 Adorat
1126 1515 1346 1553 MaccabaeuS,

929 1563 979 1595 Tu
1001 1562 1111 1604 funda,
1136 1572 1198 1602 qua
1219 1563 1253 1594 in
1279 1563 1347 1594 acie

977 1610 1158 1642 Succumbit
1182 1610 1383 1642 Philistaeus.

896 1692 904 1699 .
931 1664 1080 1701 sanando
1104 1666 1198 1699 Mara
1221 1665 1350 1699 fluvium

977 1715 1026 1747 Tu
1050 1714 1149 1747 vertis
1174 1714 1208 1745 in
1234 1714 1406 1755 dulcorem,

930 1762 979 1794 Tu
1003 1763 1065 1794 iter
1088 1761 1202 1802 planas
1225 1761 1355 1801 invium,

979 1808 1145 1842 Reflexum
1170 1810 1202 1840 et
1226 1808 1372 1849 rigorem,

932 1857 982 1888 Tu
1006 1865 1120 1897 agnum
1145 1856 1304 1896 quondam
1331 1856 1456 1888 devium

978 1904 1116 1936 Reducis
1142 1903 1184 1935 ad
1207 1906 1380 1943 pastorem,

930 1951 980 1983 Tu
1005 1950 1184 1983 miserendo
1209 1951 1385 1989 praemium

978 1999 1045 2030 Das
1070 1998 1163 2030 lassis
1188 2000 1262 2037 post
1284 1997 1435 2032 laborem.

872 2055 904 2089 8.
929 2052 1104 2089 Ierusalem
1127 2056 1163 2085 tu
1187 2053 1255 2086 filia

977 2103 1150 2135 Mitissima
1177 2101 1309 2141 petenti,

932 2150 981 2182 Tu
1003 2151 1112 2190 places
1136 2149 1221 2181 inter
1242 2149 1312 2181 lilia

981 2197 1114 2230 Filiolas
1138 2196 1294 2237 pascenti,

933 2246 983 2278 Tu
1004 2245 1089 2278 bona
1113 2253 1209 2284 super
1233 2244 1322 2276 milia

981 2294 1061 2327 Tam
1086 2292 1155 2325 auri
1178 2301 1271 2332 quam
1296 2292 1429 2332 argenti,

932 2341 1074 2375 Turbato
1100 2341 1156 2373 das
1181 2339 1299 2372 auxilia

978 2389 1103 2421 Devote
1127 2390 1160 2419 te
1183 2386 1337 2427 poscenti.
