1655 2573
138 1776 192 1809 10.

652 130 909 168 —143—

197 254 204 262 .
230 226 341 268 Nobis,
370 226 450 260 felix
473 237 492 259 o
517 231 670 268 matrona,

231 276 329 307 Posce
353 276 547 315 sempiterna
573 277 654 309 dona

277 321 374 362 Apud
396 322 557 355 Christum
573 323 750 360 Dominum,

231 369 289 408 Qui
314 372 406 401 natus
432 372 481 401 est
504 370 565 402 Dei
588 371 689 410 patris

233 416 281 447 Ac
302 416 428 448 Mariae
452 417 526 457 piae
549 417 660 449 matris

275 462 318 495 Et
341 463 483 497 salvator
507 464 678 497 hominum.

229 529 301 560 Iesu
327 529 418 572 bone,
447 528 499 561 fac
522 538 572 562 me
599 529 736 569 dignum,

230 576 276 608 Ut
300 575 334 607 in
359 577 500 608 caritatis
525 576 657 618 signum,

276 622 344 661 Qua
367 623 407 654 ad
432 623 514 654 hanc
538 621 670 664 afficior,

230 668 373 700 Laudem
397 670 584 701 adiutricem
609 677 720 705 meam,

229 715 275 746 Ut
299 715 340 747 ad
366 716 448 748 bona
472 716 530 747 sim
555 724 613 755 per
638 724 706 746 eam

279 762 411 802 Semper
435 762 611 796 sollicitior.

198 852 205 859 .
229 827 395 860 Elisabeth
421 831 455 860 tu
479 829 605 870 regalis,

228 874 313 907 Miro
339 876 432 908 modo
458 875 640 915 subiugalis,

275 921 369 954 Sidus
395 930 427 953 es
453 923 610 962 eximium,

227 968 309 1001 Vero
334 968 393 1001 soli
418 969 481 1001 iam
505 969 638 1007 unitum,

225 1016 263 1047 Iu
287 1024 434 1055 supremo
459 1016 545 1048 caelo
570 1016 675 1055 situm,

273 1062 395 1094 Mundo
419 1063 529 1094 lucens
552 1063 693 1094 nimium.

227 1127 309 1166 (guid
334 1128 367 1159 in
391 1128 519 1160 laudem
546 1128 647 1161 dicam
673 1129 739 1171 tibi,

226 1175 352 1214 Nescio,
378 1184 451 1206 nam
473 1183 586 1215 regnas
610 1175 667 1214 ibi,

274 1222 298 1254 O
323 1225 426 1253 mater
450 1221 586 1262 egregia,

227 1269 294 1308 Quo
316 1277 350 1300 se
374 1269 435 1300 sibi
462 1269 518 1302 dat
540 1270 573 1301 in
597 1269 712 1301 donum

227 1316 315 1347 Iesus
340 1315 493 1355 Christus,
519 1324 674 1348 summum
695 1317 757 1348 bo·-

528 1372 612 1406 num,

275 1409 313 1441 In
340 1410 468 1441 caelesti
492 1409 589 1449 regia.

193 1499 199 1506 .
226 1474 324 1506 Recte
348 1475 409 1507 tihi
434 1477 482 1507 est.
506 1478 649 1515 aptatum

223 1521 355 1562 Nomen,
383 1524 468 1561 quod
489 1523 732 1562 interpretatum

268 1569 398 1601 Dicitur
422 1570 583 1612 saturitas,

221 1615 325 1648 Deum
350 1624 485 1656 namque
509 1616 666 1649 saturavit

222 1663 325 1695 Deum
350 1667 382 1695 et
405 1663 575 1696 inebriavit

270 1710 363 1742 Vitae
387 1713 461 1742 tuae
487 1712 621 1750 puritas,

220 1776 306 1808 Odor
330 1778 403 1808 tuae
428 1777 530 1809 bonae
554 1777 647 1818 vitae,

225 1822 321 1855 Casta.
343 1833 431 1856 mens
457 1826 489 1856 et
512 1826 622 1864 pectus
646 1825 720 1856 mite

267 1870 446 1910 Sanctaque
470 1871 605 1911 devotio,

222 1917 320 1956 Quam
344 1918 495 1958 habebas,
523 1920 565 1951 ad
589 1917 746 1951 fervorem

220 1965 340 1997 Multos
366 1966 474 2009 traxit,
501 1967 541 1998 ad
568 1975 706 1998 amorem

265 2012 335 2055 Dei,
363 2017 398 2045 ut
423 2014 552 2047 conicio.

827 229 877 261 11.

827 531 879 564 12,

824 830 876 862 13.

821 1129 875 1162 14.

825 1431 875 1462 15.

818 1779 873 1812 16.

904 229 1006 261 Valde
1030 229 1114 261 enim
1134 228 1324 269 exemplaris

903 277 985 308 Eras
1012 277 1132 308 cunctis
1156 277 1203 308 tui
1225 276 1322 309 maris

950 323 1052 355 Utens
1078 324 1125 355 sic
1151 324 1318 364 consortio,

905 371 951 404 Ut
974 379 1117 403 servares
1143 370 1340 412 caelibatum,

903 418 1134 456 Amplectendo
1161 417 1280 449 Christi
1304 420 1420 448 statum

950 464 1049 496 Facto
1074 472 1133 497 nec
1158 464 1303 496 divortio.

906 530 1041 563 Pulchre
1065 539 1122 570 per
1148 530 1228 562 hanc
1253 529 1426 570 designaris

905 577 1082 617 Mulierem,
1108 587 1200 617 quam
1221 576 1333 609 solaris

948 623 1068 663 Fulgor
1090 624 1262 662 amicierat,

905 670 948 701 Et
971 670 1029 702 sub
1056 670 1121 703 eius
1147 672 1230 709 pede
1254 671 1339 709 luna,

902 716 945 747 Et
973 717 1097 748 siderea
1123 725 1238 748 corona

952 763 1055 803 Caput
1078 763 1271 796 redimierat.

902 829 983 861 Nam
1011 829 1139 861 calcasti
1165 830 1249 861 velut
1271 830 1371 861 lutum

904 876 1023 908 Cuncta
1047 877 1166 918 mundi,
1192 878 1223 908 et
1247 876 1396 907 virtutum

951 923 1051 955 Verus
1077 924 1124 955 sol
1146 923 1286 954 iustitiae

903 970 949 1001 Te
977 978 1090 1002 corona
1117 970 1288 1012 decoravit,

903 1016 946 1047 Et
970 1018 1066 1048 totius
1092 1016 1270 1049 venustavit

949 1063 1052 1095 Decor
1076 1063 1262 1102 pudicitiae.

903 1129 1050 1171 Hesther,
1076 1129 1194 1165 Iudith,
1220 1130 1324 1168 Anna,
1347 1129 1426 1161 Sara

903 1176 949 1207 Te
972 1175 1118 1216 figurant,
1145 1185 1213 1208 mea
1240 1184 1313 1208 cara

948 1223 1116 1262 Meumque
1140 1223 1345 1263 praesidium,

904 1273 1040 1308 Quarum
1059 1270 1213 1309 quidquid
1230 1270 1334 1302 laffdis
1348 1273 1427 1312 erat,

903 1316 940 1348 in
964 1320 997 1347 te
1021 1319 1070 1348 est
1093 1321 1125 1349 et
1149 1319 1343 1355 perseverat,

947 1364 1034 1404 Ergo
1059 1362 1108 1394 fer
1133 1363 1317 1395 subsidium.

903 1429 994 1461 Pacis
1021 1429 1122 1461 dulcis
1147 1433 1249 1460 mater
1274 1429 1356 1461 bona

900 1476 963 1517 Sis,
987 1479 1024 1507 ut,
1047 1485 1097 1507 me
1123 1475 1277 1508 defendas
1302 1485 1403 1516 prona

946 1524 1012 1556 Isto
1037 1524 1069 1555 111
1096 1523 1216 1564 exsilio,

901 1570 952 1603 Da
975 1569 1119 1610 perfecte
1140 1570 1227 1602 maia
1249 1570 1400 1612 linquam,

899 1619 1007 1659 Satan,
1034 1618 1194 1656 mundum,
1222 1626 1348 1649 carnem

1202 1664 1323 1697 vineam

946 1712 1013 1744 Tuo
1041 1721 1110 1743 eum
1135 1712 1263 1744 auxilio.

901 1779 1122 1811 Praedicanda
1147 1787 1272 1819 semper
1297 1779 1368 1821 eris,

898 1826 982 1857 Nam
1007 1827 1065 1858 sub
1090 1829 1166 1868 typo
1190 1825 1332 1857 mulieris

946 1873 1092 1905 Salomon
1119 1873 1311 1906 fortissimae

899 1920 946 1951 Te
972 1921 1130 1960 expressit
1156 1921 1196 1952 de
1221 1921 1381 1960 extremis,

901 1967 994 1999 Cuius
1025 1976 1145 1999 merces
1169 1968 1203 1999 iu
1223 1968 1378 2007 supremis

946 2015 1078 2046 Finibus
1099 2015 1290 2054 longissime.

475 2080 530 2114 17.
558 2080 582 2112 Ο
608 2082 754 2112 matrona
777 2081 984 2121 praedilecta,

561 2126 667 2159 Ducas
691 2135 742 2159 me
764 2128 797 2159 in
822 2128 874 2160 via
899 2131 986 2160 recta

604 2174 658 2207 Ad
687 2175 766 2207 caeli
789 2175 953 2217 palatium,

556 2221 619 2255 Ubi
643 2227 747 2254 tecum
770 2222 930 2255 Christum
954 2223 1056 2255 Deum

556 2269 689 2311 Semper
712 2271 849 2308 laudem,
877 2271 929 2311 qui
955 2273 1002 2303 est
1025 2279 1129 2303 meum

601 2317 738 2351 Unicum
762 2319 925 2351 solacium.

197 2402 277 2429 Orat.
297 2410 351 2429 ms.
374 2401 560 2430 carthusiam.
581 2411 657 2431 saec,
679 2401 723 2430 15.
763 2402 833 2430 Coti.
854 2403 949 2439 Capit.
969 2402 1120 2430 Treviren.
1142 2400 1205 2430 116.
