1655 2573
779 159 1035 197 —156—

274 259 306 293 3.
331 257 436 292 Multa
459 258 539 292 mira
563 259 737 300 ostendisti,
945 259 976 290 4.
1002 257 1079 288 Post
1107 255 1246 288 laborem
1272 253 1373 295 gentis
1398 251 1550 294 grandem

328 306 478 346 Magnam
502 309 625 347 gentem
651 305 835 338 convertisti
1004 303 1130 336 Christo
1155 303 1306 335 invitatus
1331 302 1460 333 tandem

377 354 413 385 In
441 354 588 386 Pathmos
612 354 779 394 relegatuS,
1049 350 1102 381 Ad
1126 359 1266 381 mensam
1291 357 1507 388 supernorum,

330 399 405 432 Oleo
431 399 566 432 ferventi
589 399 713 442 missuS,
1005 397 1098 436 Virgo
1122 406 1219 437 purus
1245 397 1291 428 sic
1316 395 1462 436 decessit,

330 445 393 478 Sed
418 456 438 478 a
461 447 570 486 poenis
593 446 646 486 pie
669 444 771 485 fissuS‚
1003 444 1097 476 Cuius
1123 452 1236 483 corpus
1260 451 1323 475 non
1346 442 1521 481 marcescit,

374 494 403 523 A
429 493 553 525 Christo
580 495 790 524 conservatus,
1048 491 1094 523 Ut
1117 500 1232 521 manna
1255 489 1320 521 fert
1343 490 1511 523 caelorum.

607 550 638 580 5.
666 548 690 580 Ο
713 548 768 579 lux
791 548 871 580 lucis
894 547 1073 590 aeternalis,

664 594 736 627 Iesu
763 594 880 626 Christi
905 594 1075 637 secretalis,

713 641 845 673 Sanctus
870 642 937 673 sine
964 641 1104 679 maculis,

664 688 730 719 Nos
754 688 786 719 in
810 689 871 720 hoc
895 690 979 720 statu
999 686 1098 719 flebili

663 734 761 767 Serva
785 737 817 765 et
842 744 935 766 carne
960 734 1055 765 debili

711 781 739 813 A
763 782 873 812 taetris
896 781 1040 821 piaculis.

334 847 413 872 Orat.
439 854 492 873 ms.
514 845 695 873 Carthusian.
722 853 796 872 saec.
818 843 862 871 15.
903 844 971 872 Ood.
994 844 1087 879 Capit.
1106 845 1253 872 Treviren.
1276 842 1336 872 116.
1356 844 1391 871 Α.
1412 858 1447 862 -
1469 844 1547 871 Orat.

257 890 309 910 ms.
331 890 405 910 saec.
429 881 472 909 15.
510 882 578 910 cod.
599 882 851 916 Guelfenbyteran.
875 880 946 909 1433
967 881 1188 913 (Helmstadien.
1214 879 1305 916 1320).
1329 882 1361 908 B.
1381 897 1419 901 —
1439 879 1463 914 1,
1487 879 1500 907 1
1523 881 1547 908 O

256 919 334 946 Fons
355 919 439 947 divae
458 921 491 945 B.
513 934 547 938 —
568 918 594 953 2,
616 917 631 945 l
652 919 767 954 Dogma
790 927 897 947 coenae
917 919 1055 953 irrigatus
1076 920 1107 945 Β.
1127 933 1165 938 -

698 1008 764 1039 296.
795 1008 837 1039 De
858 1011 963 1039 sancto
983 1008 1101 1047 Ioseph.

273 1078 303 1110 1.
328 1077 441 1116 Ioseph
468 1081 576 1109 sancte
601 1079 632 1108 et
655 1076 769 1117 fidelis,
946 1079 976 1109 5.
1003 1077 1127 1117 Ioseph,
1153 1080 1245 1118 pater
1268 1078 1435 1110 salvatoris

333 1123 426 1155 Cuius
450 1124 561 1156 laudes
586 1126 659 1156 sunt
682 1124 716 1155 in
741 1124 846 1163 caelis,
1001 1124 1176 1165 Putativus,
1201 1124 1296 1166 intus,
1321 1123 1411 1164 foris,

327 1169 473 1201 Ecclesia
498 1172 529 1202 te
555 1171 761 1208 commendat,
1002 1169 1059 1201 Cui
1083 1170 1249 1202 thesaurus
1274 1170 1481 1203 absconditus

328 1216 423 1249 Curia
449 1217 591 1248 caelestis
615 1217 735 1249 laudat.
1002 1215 1149 1248 Creditus
1174 1217 1235 1248 Dei
1259 1217 1353 1251 filius

272 1273 302 1305 2.
328 1272 443 1311 Ioseph
468 1275 581 1313 castus,
603 1272 776 1314 timoratus,
943 1273 973 1306 6.
1001 1273 1098 1311 Quem
1125 1274 1269 1313 concepit
1290 1271 1402 1305 florum
1427 1272 1484 1305 flos

327 1318 494 1350 Virtuosus
520 1320 707 1360 nominatus,
1002 1319 1090 1351 Sicut
1113 1329 1217 1352 rosam
1243 1320 1323 1352 caeli
1346 1329 1399 1352 ros

326 1364 372 1395 Te
397 1366 531 1405 populus
557 1365 738 1405 catholicus,
999 1366 1044 1397 Et
1067 1367 1169 1406 tangit
1192 1368 1261 1398 sine
1284 1367 1418 1407 macula,

328 1410 415 1442 Caeli
438 1411 547 1443 laudat
572 1412 737 1444 exercitae.
999 1412 1120 1445 Munda
1144 1417 1251 1445 manet
1273 1415 1306 1445 in
1331 1414 1466 1446 saecula.

269 1469 300 1499 3.
327 1466 451 1505 Ioseph,
479 1466 612 1499 Davidis
637 1465 729 1509 filius,
943 1469 973 1500 ¹7.
1000 1468 1025 1500 Ο
1053 1471 1156 1500 custos
1180 1470 1273 1501 huius
1297 1469 1440 1510 virginis,

328 1512 377 1544 Tu
401 1512 497 1544 lesuli
522 1513 685 1553 nutricius,
999 1514 1156 1547 Divinitus
1188 1525 1266 1555 prae
1291 1517 1406 1548 ceteris

324 1558 392 1590 Tua
416 1563 525 1591 sancta
547 1559 717 1599 praeconia
1000 1561 1129 1592 Electus
1154 1565 1248 1602 atque
1274 1562 1419 1602 dilectus,

326 1605 468 1645 Signavit
497 1607 584 1646 virga
607 1604 731 1641 florida.
997 1608 1113 1649 Iustus,
1139 1608 1249 1649 bonus,
1275 1610 1356 1652 pius,
1384 1613 1500 1651 rectus,

269 1662 300 1695 4.
328 1661 452 1702 Ioseph,
471 1671 603 1702 sponsus
617 1663 725 1693 matris
742 1662 869 1704 Christi,
942 1666 972 1697 8.
1000 1664 1064 1696 Ora
1089 1664 1215 1696 deitatis
1240 1668 1348 1697 natum

326 1707 383 1739 Cui
405 1709 489 1741 solus
514 1708 646 1741 adfuisti
998 1710 1059 1742 Pro
1085 1712 1187 1743 salute
1210 1713 1302 1744 nobis
1327 1712 1445 1751 datum,

327 1754 364 1785 In
389 1756 472 1786 omni
496 1755 684 1787 necessitate
998 1758 1044 1790 Ut
1066 1760 1141 1797 post.
1164 1759 1255 1791 huius
1281 1759 1367 1791 vitae
1391 1763 1507 1792 statum

325 1800 417 1832 Vitae
443 1805 547 1833 castae
570 1802 719 1843 puritate.
995 1804 1108 1836 Finem
1132 1805 1223 1837 nobis
1250 1806 1304 1838 det
1327 1806 1464 1840 beatum.

602 1859 633 1891 9.
660 1858 723 1891 Ora
746 1862 877 1891 matrem
904 1860 1040 1904 deitatis,

656 1904 783 1937 Florem
807 1907 880 1947 iuge
904 1907 1063 1948 puritatis,

658 1951 703 1984 Ut
728 1953 782 1984 det
804 1954 894 1985 nobis
920 1963 990 1986 cum
1016 1954 1117 1986 beatis

658 1998 777 2032 Lumen
803 2009 897 2033 verae
921 2001 1085 2034 claritatis.

327 2062 405 2089 Orat.
435 2071 488 2089 ms.
515 2061 696 2090 Oarthusian.
728 2072 803 2092 saec.
833 2064 877 2093 15.
924 2066 992 2093 Cod.
1019 2065 1112 2102 Capit.
1138 2068 1287 2096 Treviren.
1321 2067 1383 2095 116.
1411 2084 1447 2088 —
1479 2068 1504 2103 5,
1529 2069 1548 2097 4

252 2099 382 2127 Creditus
403 2102 448 2127 est
465 2100 529 2127 Dei.

1286 2150 1306 2165 D

661 2192 725 2222 297.
756 2192 798 2224 De
817 2196 925 2225 sancta
943 2193 1130 2226 Katharina.

265 2259 295 2293 1.
323 2258 443 2301 Gaude,
470 2263 579 2292 sancta
603 2260 792 2301 Katharina,
939 2264 969 2296 2.
997 2262 1143 2296 Gliscens
1170 2266 1292 2299 curiose
1317 2267 1403 2298 clare

320 2305 366 2337 Es
391 2314 544 2338 conversa
566 2307 599 2339 vi
625 2307 733 2339 divina
994 2310 1155 2344 Universa
1182 2314 1360 2353 explorare,

322 2353 407 2385 Miro
427 2354 521 2386 modo
547 2351 602 2397 [te]
628 2357 775 2398 vagante,
996 2357 1140 2390 Tandem
1164 2360 1206 2392 ad
1233 2361 1396 2393 cuiusdam
1421 2364 1505 2394 senis

320 2399 461 2441 Regnum
486 2404 573 2433 tuum
599 2402 820 2441 perlustrante.
995 2404 1179 2439 Heremitae
1205 2416 1309 2441 casam
1336 2409 1433 2446 venis,
