1655 2573
202 229 244 263 25

200 466 255 498 30.

198 784 227 815 1.

708 134 964 171 *149—

251 257 257 265 .
284 231 310 263 Ο
336 239 429 271 quam
454 229 535 264 mira
561 235 593 264 et
617 234 774 273 stupenda

282 278 343 310 Dei
368 277 456 310 facta
481 283 512 310 et
535 279 697 312 timenda!

283 325 398 358 Sancte
422 329 515 365 pater
539 336 557 358 o
584 327 728 367 Gregori,

281 371 354 404 Meo
379 381 529 404 succurre
555 374 667 414 dolori,

281 419 334 450 Ad
360 420 514 452 orandum
540 429 598 460 pro
623 429 674 452 me
698 429 785 460 vaca,

280 465 423 498 Iudicem
451 467 630 499 districtum
655 468 759 509 placa,

282 512 327 545 Ut
351 513 486 553 spiritus
511 514 560 545 sui
587 514 668 546 dono

881 376 935 408 35.

959 233 1021 265 Hic
1044 241 1095 264 me
1120 236 1210 274 aptet
1233 232 1316 265 omni
1339 232 1423 267 bono

959 280 1004 312 Et
1026 280 1059 311 in
1085 289 1218 320 corpore
1238 285 1371 321 peccata

959 327 1067 368 Plagis
1091 330 1215 368 purget,
1244 331 1279 359 ut
1303 328 1397 361 beata

960 374 1077 405 Anima
1099 378 1131 406 et
1157 375 1226 407 Deo
1251 378 1352 416 grata,

962 420 1039 453 Cum
1064 421 1138 453 hinc
1161 421 1258 453 fuerit
1281 425 1402 463 vocata,

961 467 1078 507 Migret
1101 469 1187 500 laeta
1210 468 1252 500 ad
1277 469 1371 501 beata

961 514 1132 546 Beatorum
1155 516 1278 556 gaudia.

263 576 342 604 Orat.
366 586 420 604 ms.
448 577 631 605 Carthusian.
660 586 735 605 saec.
765 576 808 605 15.
849 578 918 605 Cod.
940 578 1034 614 Capit.
1054 579 1204 607 Treviren.
1232 577 1294 606 116.
1322 593 1356 597 —
1381 576 1418 605 29
1437 578 1483 605 Ad

186 613 366 642 adorandum
387 615 439 642 Hs.

571 705 639 736 285.
672 706 715 737 De
734 714 759 737 s.
781 704 927 745 Gregorio
948 705 1099 744 Martyre.

257 783 312 815 Pie
336 784 475 827 praesul,
501 792 519 815 o
546 783 690 828 Gregori‚

254 831 313 869 Qui
337 840 400 862 non
424 830 612 863 recursabas
637 831 729 871 mori,

254 877 374 909 Multas
399 878 511 919 plagas
535 878 697 918 pertulisti

256 924 392 964 Propter
415 933 529 956 nomen
554 926 629 956 1esu
655 925 782 958 Christi.

254 981 434 1021 Regyratus
462 981 556 1012 dorso
581 980 684 1013 fracto

253 1027 325 1058 Non
354 1036 387 1058 es
412 1030 514 1059 motus
537 1027 571 1058 in
594 1028 654 1059 hoc
678 1026 762 1059 facto

253 1075 303 1105 Ac
326 1074 358 1105 in
384 1077 496 1105 ventre
520 1074 691 1114 dissipatus

252 1121 338 1152 Mori
360 1130 419 1160 pro
446 1121 572 1153 Christo
595 1123 737 1160 paratus.

220 1202 228 1209 .
253 1176 413 1217 Manibus,
439 1177 574 1217 pedibus
599 1177 714 1217 ligatus

253 1223 298 1255 Es
325 1224 357 1255 in
385 1225 569 1256 craticulam
593 1227 782 1264 prostratus,

256 1270 320 1302 Sed
347 1271 420 1303 dum
446 1271 636 1311 supponitur
658 1271 751 1313 ignis,

252 1317 371 1350 Terror
395 1327 527 1358 magnus
551 1317 588 1350 fit
611 1318 767 1358 malignis.

253 1373 335 1405 Nam
358 1382 396 1405 ex
421 1383 534 1414 magno
558 1376 645 1405 motu
667 1377 781 1413 terrae,

252 1421 350 1460 Quem
377 1421 488 1453 civitas
513 1421 622 1460 nequit
647 1419 742 1462 ferre,

247 1467 299 1499 Ex
322 1477 437 1508 magna
460 1471 554 1507 parte
579 1468 707 1510 corruit,

250 1514 424 1546 Trecentos
450 1518 483 1546 et
504 1515 577 1556 plus
602 1515 771 1556 oppressit.

214 1596 221 1603 .
249 1571 326 1603 Post
351 1571 470 1603 carceri
496 1580 529 1602 es
554 1572 752 1610 mancipatus

248 1618 292 1650 Et
315 1618 354 1651 ab
380 1619 491 1659 angelo
518 1618 706 1658 consolatus,

249 1666 313 1698 Sed
338 1666 470 1697 eductus
494 1674 514 1697 a
539 1674 666 1697 earcere

248 1713 404 1744 Laudasti
428 1721 534 1753 regem
560 1712 689 1752 gloriae.

901 784 932 818 6.

893 1178 924 1210 8.

896 1376 928 1406 9.

870 1572 924 1604 10.

959 784 1062 816 Variis
1087 785 1196 824 poenis
1220 786 1362 824 vexatus,

957 832 993 863 In
1019 829 1083 862 fide
1107 831 1226 864 Christi
1249 831 1412 872 probatus,

957 877 1092 909 Demum
1115 878 1219 917 capite
1244 881 1420 922 truncatus,

956 924 1009 956 Sic
1034 924 1075 956 ad
1101 926 1203 956 caelos
1227 933 1260 956 es
1286 928 1424 957 vocatus.

921 1004 930 1013 .
956 981 1062 1013 Fortis
1088 981 1207 1014 Christi
1231 981 1384 1022 agonista,

954 1027 1020 1058 Nos
1044 1027 1078 1058 in
1102 1028 1186 1059 valle
1210 1037 1315 1059 sumus
1339 1028 1412 1066 ista,

956 1073 1005 1105 Sis
1029 1076 1191 1113 protector
1215 1078 1323 1106 noster
1348 1073 1440 1106 fortis

956 1120 1073 1152 Contra
1098 1124 1218 1161 pestem
1243 1122 1316 1162 iuge
1339 1122 1459 1154 mortis.

950 1176 1017 1208 Nos
1042 1179 1141 1216 tuere,
1167 1178 1295 1217 praesul
1320 1177 1382 1217 pie,

954 1224 1107 1256 Fructum
1132 1224 1263 1264 virginis
1290 1224 1414 1256 Mariae

955 1272 1040 1302 Ante
1065 1274 1197 1303 mortem
1223 1272 1264 1302 da
1288 1274 1424 1311 gustare,

955 1318 979 1350 Ο
1007 1317 1150 1361 Gregori,
1177 1318 1296 1350 Christi
1320 1327 1401 1351 care.

953 1373 997 1405 Hi
1021 1373 1075 1413 qui
1100 1375 1207 1406 colunt
1229 1377 1285 1406 tua
1310 1373 1394 1406 festa

952 1421 1143 1453 Venerando
1168 1424 1223 1452 tua
1246 1424 1344 1461 gesta,

951 1468 1029 1500 Illos
1053 1467 1105 1499 hic
1130 1467 1248 1500 Christi
1274 1466 1407 1499 famulus

952 1514 1084 1547 Custodi
1109 1515 1195 1546 horis
1219 1515 1373 1548 omnibus·

952 1571 1026 1602 Post
1052 1570 1134 1603 hanc
1158 1571 1255 1603 vitam
1280 1573 1351 1603 tuta
1374 1571 1427 1603 via

949 1618 1018 1649 Tua
1042 1618 1104 1650 duc
1128 1627 1185 1650 nos
1210 1627 1306 1658 prece
1329 1619 1391 1662 pia,

950 1666 996 1698 Ut
1019 1665 1074 1697 det
1097 1665 1188 1697 nobis
1214 1669 1288 1705 post
1312 1666 1418 1697 tristia

949 1713 1038 1744 Iesus
1062 1712 1158 1745 beata
1181 1713 1307 1753 gaudia.

253 1778 333 1804 Orat.
354 1785 408 1805 ms.
429 1776 614 1805 Carthusian.
637 1785 713 1804 saec.
735 1776 779 1804 15.
820 1777 889 1806 Cod.
910 1777 1005 1813 Capit.
1025 1777 1175 1805 Treviren.
1196 1775 1259 1805 116.

618 1887 684 1919 286.
714 1887 757 1918 De
777 1888 888 1919 sancta
908 1887 1033 1919 Helena.

270 1968 421 2003 Exsultat
444 1968 507 2000 iam
529 1968 664 2000 ecclesia

268 2015 363 2048 Orbis
388 2016 480 2048 huius
505 2024 564 2055 per
588 2015 702 2057 spatia,

269 2064 308 2096 In
334 2072 447 2095 cruore
472 2062 594 2095 Christi
618 2063 683 2095 lota

265 2110 376 2143 Mente
412 2113 539 2151 promat
563 2119 647 2142 nunc
673 2110 797 2149 devota,

213 2160 246 2193 5.
273 2158 373 2197 Quam
400 2157 543 2190 Christus
568 2167 625 2190 suo
647 2157 798 2199 sanguine

192 2397 235 2429 10

267 2205 362 2240 Lavit
387 2206 420 2238 in
448 2206 550 2237 crucis
574 2205 694 2245 stipite.

266 2253 400 2294 Helena,
427 2257 531 2286 mater
554 2253 681 2295 nobilis,

268 2300 409 2336 Salutem
435 2310 589 2342 quaerens
613 2300 748 2341 miseris,

267 2348 351 2380 Dum
364 2349 516 2389 quaesisti
527 2348 645 2381 Christi
659 2356 794 2389 crucem,

239 2422 246 2430 .
273 2395 392 2429 Nostra
416 2405 489 2436 spes
513 2397 637 2437 recepit
659 2397 772 2430 lucem.

868 2158 922 2190 15.

866 2395 923 2429 20.

951 1968 976 2000 O
999 1967 1148 2000 dilectrix
1172 1970 1301 1999 nostrae
1325 1967 1404 2009 spei,

950 2015 1072 2054 Quaeso
1098 2019 1140 2055 te,
1166 2016 1209 2046 sis
1233 2023 1353 2047 memor
1377 2015 1440 2046 mei

949 2062 1046 2102 Apud
1073 2061 1241 2101 Christum,
1273 2062 1333 2094 Dei
1356 2066 1475 2102 natum,

951 2110 1085 2149 Lignum
1115 2110 1216 2141 crucis
1242 2110 1326 2150 quod
1351 2110 1477 2141 beatum

948 2157 1004 2189 Me
1029 2155 1181 2190 defendat
1203 2157 1237 2189 in
1262 2157 1322 2189 hac
1346 2157 1424 2197 vita,

949 2204 1039 2245 Quod
1063 2204 1112 2237 vis
1136 2205 1236 2237 hostis
1262 2205 1303 2236 sit
1325 2205 1475 2237 contrita.

950 2253 974 2285 Ο
999 2255 1102 2285 mater
1125 2255 1255 2285 nostrae
1278 2251 1366 2295 fidei,

949 2300 1036 2332 Filia.
1059 2301 1144 2341 regis
1167 2300 1280 2340 incliti,

950 2348 1012 2380 Per
1037 2356 1130 2388 quam
1155 2347 1235 2380 fides
1260 2347 1438 2385 roboratur,

950 2395 1034 2427 Dum
1061 2403 1138 2427 crux
1161 2395 1282 2428 Christi
1306 2394 1474 2437 exaltatur,
