1655 2573
604 544 663 576 168.
697 545 739 575 De
760 546 865 577 sancto
885 544 1021 586 Aegidio.

181 606 360 651 1.'Gaude‚
388 611 466 644 felix
494 614 633 652 eremita,
860 615 889 647 2.
918 614 1037 656 Gaude,
1070 614 1153 653 quod
1179 622 1273 654 prece
1298 613 1417 646 sedasti

237 658 261 689 O
287 659 404 697 Aegidi
430 659 594 691 coenobita
915 661 1049 698 Pelagus
1075 663 1107 692 et
1129 660 1308 702 impetrasti

279 705 324 737 Et
352 705 435 737 abba
460 706 643 745 clarissime,
962 707 1042 747 Regi
1066 707 1146 738 mire
1171 707 1302 750 veniam,

239 751 359 790 Gaude,
387 753 469 792 quod
496 761 553 794 per
578 756 610 785 te
634 755 758 785 sanatus
916 754 1036 796 Gaude,
1047 754 1131 793 quod
1143 752 1427 786 claustrumfunda:
1440 754 1463 784 ti

236 797 295 830 Est
320 803 468 839 aegrotus
490 800 643 833 liberatus
914 801 1009 840 Regis
1034 810 1127 842 prece
1153 801 1299 832 adunasti

286 845 355 878 Sibi
380 847 454 878 data
479 847 594 881 tunica.
962 847 1119 880 Bonorum
1144 847 1370 888 frequentiam.

519 905 549 937 3.
578 903 690 936 Gaude
712 913 772 945 per
796 906 828 935 te
851 905 1001 937 suscitato

577 950 705 983 Mortuo
732 950 826 983 caelis
850 954 883 982 te
906 952 982 992 late,

626 998 690 1037 Quo
714 1006 839 1037 semper
863 998 1031 1038 tripudias,

578 1044 680 1077 Nobis
703 1046 782 1077 vitio
805 1048 941 1085 purgato

578 1092 646 1124 Tuo
671 1093 853 1132 supplicatu
877 1095 967 1132 grato

623 1138 674 1171 Da
698 1140 765 1178 poli
791 1139 930 1172 delicias

245 1202 323 1230 Orat.
345 1211 397 1230 ms.
418 1202 607 1232 Trudonense
627 1211 701 1231 saec.
725 1201 767 1231 16.
788 1204 827 1230 in.
869 1203 936 1231 Cod.
958 1204 1097 1232 Leodien.
1118 1202 1182 1232 395.

610 1294 670 1326 169.
698 1294 742 1326 De
762 1295 872 1326 sancta
892 1295 1020 1335 Agnete.

181 1364 209 1398 1.
238 1363 358 1401 Gaude,
386 1365 469 1404 quod
495 1368 526 1396 te
552 1365 756 1404 desponsavit
856 1368 888 1399 3.
916 1366 1038 1407 Gaude,
1064 1374 1139 1404 quia
1162 1365 1236 1397 dum
1261 1364 1368 1404 orasti,

236 1410 389 1452 ChristuS,
414 1413 532 1451 Agnes,
560 1415 591 1443 et
614 1412 740 1444 ornavit
915 1413 1078 1446 Mortuum
1102 1412 1296 1444 resuscitasti

285 1457 389 1490 Genas
415 1467 471 1490 suo
497 1460 657 1498 sanguine,
959 1459 1035 1491 Tuis
1065 1458 1163 1491 sacris
1194 1458 1352 1498 precibus,

238 1504 359 1547 Gaude,
382 1506 466 1545 quod
490 1508 524 1537 te
549 1507 712 1538 decoravit
915 1506 1036 1547 Gaude,
1064 1507 1136 1546 quia
1163 1506 1320 1546 superasti

233 1554 330 1585 sacra
354 1556 444 1585 veste
469 1556 501 1584 et
524 1553 658 1586 salvavit
914 1554 1022 1594 Ignem
1055 1556 1088 1584 et
1111 1557 1144 1585 te
1167 1554 1295 1585 sociasti

284 1600 334 1632 Ab
358 1596 519 1633 immundo
544 1600 680 1633 homine.
960 1600 1068 1633 Morte
1093 1609 1163 1632 cum
1186 1600 1390 1641 martyribus.

180 1657 211 1689 2.
238 1655 360 1695 Gaude,
387 1656 472 1697 quod
497 1660 527 1689 te
553 1656 740 1697 capillorum
858 1661 889 1691 4.
916 1657 1038 1699 Gaude,
1064 1666 1189 1698 semper
1215 1657 1372 1698 gavisura,

238 1703 407 1736 Densitate
430 1712 487 1736 rex
513 1705 670 1736 caelorum
916 1706 1051 1738 Carmen
1074 1713 1190 1737 novum
1216 1707 1381 1736 cantatura

282 1750 421 1783 Vestivit
442 1750 586 1791 mirifice,
965 1752 1043 1785 Cum
1070 1752 1166 1784 choro
1191 1752 1343 1791 virgineo,

241 1797 361 1836 Gaude,
389 1798 463 1838 quia
486 1798 718 1831 immundarum
916 1801 1059 1840 Impetra
1083 1808 1181 1840 regna
1204 1809 1353 1831 mansura

240 1844 360 1877 Domus
384 1853 443 1885 per
467 1847 500 1876 te
523 1844 561 1878 fit
583 1854 745 1878 sacrarum
917 1846 1017 1879 Nobis
1048 1850 1102 1879 tua
1125 1855 1221 1888 prece
1245 1855 1326 1886 pura

288 1892 391 1924 Locus
414 1901 544 1932 precum
571 1892 696 1926 caelice.
965 1893 1041 1926 Cum
1067 1896 1247 1926 sanctorum
1274 1902 1381 1926 cuneo.

243 1958 322 1985 Orat.
343 1965 396 1985 ms.
410 1958 599 1985 Trudonense
619 1966 692 1986 saec.
716 1956 758 1986 16.
780 1960 819 1986 in.
859 1960 927 1988 Cod.
941 1960 1080 1988 Leodien.
1101 1957 1165 1988 395.
1181 1972 1217 1979 --
1237 1957 1263 1993 4,
1281 1958 1300 1986 4
1320 1967 1362 1995 sq.
1383 1959 1468 1987 nobis

165 2004 256 2032 regna
275 2003 415 2024 mansura
433 1998 485 2023 tua
504 2004 597 2032 prece.

612 2087 673 2120 170.
704 2089 746 2120 De
766 2090 876 2121 sancta
895 2089 1023 2129 Agnete.

179 2159 209 2191 1.
238 2158 360 2197 Gaude,
395 2159 514 2201 Agnes,
542 2159 631 2201 virgo
657 2160 786 2203 Christi,
859 2162 891 2193 2.
919 2159 1467 2200 Gaude,Agnes,gemmacastitatis,

235 2207 330 2247 Quae,
360 2206 394 2238 in
419 2207 536 2239 mundo
565 2207 638 2239 dum
663 2207 762 2248 fuisti,
917 2209 1003 2248 Quae
1029 2207 1198 2240 candorem
1222 2210 1295 2240 tuae
1315 2207 1466 2249 puritatis

283 2255 386 2287 Iesum
415 2254 566 2295 dilexisti,
964 2255 1132 2297 Nunquam
1157 2255 1301 2296 amisisti,

227 2301 362 2342 Gaude,
387 2303 506 2344 Agnes,
535 2303 623 2343 virgo
644 2303 739 2343 mitiS,
919 2303 1039 2342 Gaude,
1065 2304 1173 2343 Agnes
1199 2303 1333 2343 pulchra
1357 2301 1449 2341 faeie,

237 2351 323 2389 Quae
347 2350 488 2382 moribus
513 2350 669 2383 redimitis
918 2351 1004 2390 Quae
1030 2360 1049 2383 a
1072 2351 1161 2383 nulla
1185 2350 1295 2382 mundi
1318 2351 1425 2389 specie

284 2395 354 2429 Deo
378 2397 536 2437 placuisti.
964 2397 1057 2431 Vinci
1082 2398 1222 2437 potuisti.
