1655 2573
722 141 977 178 —175—

217 236 246 269 3.
275 234 338 268 Gur
364 238 429 268 tam
447 245 536 268 acres
554 246 671 277 poenas
688 239 822 279 spernis,
894 241 925 272 4.
952 239 1029 271 Tam
1054 238 1188 270 sublime
1212 240 1335 278 martyr
1358 237 1469 280 prime,

274 282 357 314 Nam
380 286 524 323 apertum
552 285 671 316 caelum
698 286 799 317 cernis
952 286 1097 319 Clemens
1122 286 1205 317 hosti
1232 284 1301 317 fore
1324 285 1417 318 nosti.

275 331 381 370 Atque
405 331 509 363 Iesum
532 332 578 363 ibi
602 334 697 371 stare,
952 333 1033 371 Quid
1059 332 1188 372 negabis
1215 335 1247 363 et
1270 341 1333 364 non
1360 332 1449 363 dabis

273 376 340 408 Iam
365 380 512 417 paratum
540 382 572 410 te
596 379 715 419 iuvare,
950 380 997 412 Te
1021 381 1148 419 amanti,
1174 379 1346 418 veneranti,

271 423 365 455 quta
389 428 514 465 patrem
539 425 728 464 radiantem,
950 426 1123 466 Exaltanti‚
1149 429 1181 457 te
1204 426 1365 458 laudanti!

275 469 537 516 Gonregnantem‚
566 476 598 504 te
623 473 786 511 solantem,
950 473 1035 505 Hinc
1059 473 1180 505 sincero
1207 473 1302 504 corde
1326 481 1419 512 spero

322 517 376 550 Sic
403 528 568 559 permanes
593 519 774 552 immobilis.
997 520 1047 552 De
1071 523 1103 551 te
1127 519 1327 553 fiducialiter.

274 565 376 597 Orans
405 575 463 605 pro
488 569 521 597 te
545 568 632 597 stans
654 566 774 606 petisti,
950 566 1043 598 Nunc
1071 567 1216 598 devotum
1241 567 1300 598 tibi
1322 568 1433 605 totum,

276 613 336 644 Pro
361 612 477 652 iniquis
501 616 533 644 te
557 611 685 653 flexisti,
949 614 995 644 Te
1019 616 1160 645 orantem
1188 612 1240 645 fac
1265 615 1468 652 constantem,

274 658 321 691 Ob
346 659 407 691 hoc
431 659 516 691 orbis
541 659 659 698 gaudet
682 661 767 690 certe
950 660 1050 700 Pium,
1074 663 1202 702 castum,
1222 660 1279 691 sed
1298 668 1351 691 cor
1368 659 1493 698 fastum,

274 705 324 737 De
349 714 500 737 converso
525 705 624 737 Paulo
648 714 707 745 per
731 709 772 743 te,
953 706 1013 738 Gor
1036 715 1167 738 avarum
1192 709 1224 738 et
1247 716 1388 738 amarum

274 752 333 792 Qui
358 754 405 784 tot
428 752 511 784 bona
535 752 710 792 seminavit,
949 752 1138 793 Evanescat,
1165 762 1253 784 mens
1280 753 1442 785 dulcescat

273 799 434 839 Irrigavit‚
460 798 652 839 fecundavit,
949 800 1049 831 Recto
1075 800 1153 840 zelo,
1181 803 1216 831 ut
1238 800 1271 832 in
1298 800 1383 831 caelo

320 846 414 877 Nunc
437 849 541 878 tecum
568 849 678 886 regnat
695 846 819 878 nobilis.
998 846 1137 879 Coroner
1161 847 1373 879 aeternaliter.

283 919 363 947 Orat.
383 928 436 947 ms.
459 920 643 948 Carthusian.
667 929 741 948 saec.
765 919 808 948 15.
848 920 917 948 Cod.
940 918 1032 956 Capit.
1052 921 1200 948 Treviren.
1223 918 1285 947 116.

641 1038 705 1070 327.
738 1039 782 1070 De
805 1040 910 1070 sancto
931 1040 1055 1071 Thoma.

217 1128 247 1160 1.
274 1128 396 1159 Thoma
421 1127 508 1159 sidus
533 1127 727 1168 angelorum,
893 1130 923 1161 3.
952 1129 1032 1160 Lato
1055 1128 1199 1167 pondere
1223 1128 1366 1160 laborum

275 1175 299 1206 O
326 1174 437 1206 salutis
462 1183 535 1213 spes
559 1174 712 1206 ludorum
949 1174 1156 1207 Transfossus
1182 1184 1256 1206 ense
1280 1176 1469 1215 templorum

320 1221 365 1253 Et
389 1221 512 1253 culmen
536 1221 691 1263 veritatis,
997 1221 1153 1254 Pontifice
1176 1223 1321 1262 maligno.

273 1268 342 1300 Tua
368 1269 514 1300 doctrina
536 1268 654 1307 rigavit
952 1297 1310 1303 .......
1364 1297 1370 1300 .

275 1315 396 1347 Multos
421 1318 454 1346 et
476 1313 669 1347 refocillavit
955 1342 1373 1351 ........

315 1363 346 1393 Α
372 1362 424 1394 via
446 1362 607 1394 vanitatis.
1012 1393 1018 1396 ,
1072 1390 1075 1393 .
1129 1390 1373 1399 .....

215 1420 246 1450 2.
274 1417 425 1450 Nostram
449 1417 546 1451 fidem
570 1418 737 1457 roborasti,
890 1421 920 1451 4.
949 1420 1043 1452 Nunc
1070 1420 1102 1450 in
1129 1420 1215 1451 caelo
1239 1419 1400 1451 veneraris

271 1465 355 1496 Dum
380 1466 412 1497 in
439 1465 566 1498 Christo
592 1466 749 1498 vacillasti
947 1466 991 1498 Et
1010 1466 1044 1497 in
1068 1466 1184 1498 mundo
1209 1466 1376 1498 adornaris

315 1512 400 1544 Diva
423 1513 647 1553 permissione3
994 1511 1140 1544 Mirificis
1164 1513 1330 1553 portentis,

272 1559 396 1591 Cultum
419 1558 486 1591 fani
512 1559 647 1599 diruisti,
947 1559 1042 1593 Plebs
1066 1560 1218 1592 Indorum
1241 1562 1277 1591 ut
1300 1563 1444 1599 testatur,

268 1606 379 1638 Multis
405 1607 502 1647 signis
526 1605 664 1638 floruisti
948 1607 1066 1646 Quibus
1088 1607 1188 1639 virtus
1214 1610 1364 1646 operatur

317 1653 413 1694 Legis
437 1654 469 1685 in
494 1654 668 1694 pressione.
993 1654 1119 1686 Divinis
1144 1655 1360 1687 sacramentis.

554 1713 584 1745 5.
612 1711 636 1743 O
662 1710 798 1751 Martyr‚
826 1711 921 1743 decus
948 1711 1115 1752 caelorum,

609 1757 703 1789 Nunc
726 1760 906 1790 nostrorum
930 1759 1114 1790 miserorum

656 1806 694 1837 In
719 1805 842 1844 gaudiis
868 1806 1004 1837 aeternis

608 1852 677 1883 Tua
701 1861 797 1892 prece
819 1862 1003 1892 memorare,

605 1898 673 1931 Fac
694 1908 751 1931 nos
778 1899 902 1932 Christo
928 1901 1141 1940 propinquare

653 1947 697 1978 Et
718 1945 783 1978 frui
807 1948 1019 1987 sempiternis

272 2012 351 2040 Orat.
373 2021 426 2039 ms.
446 2021 522 2040 saec.
545 2010 588 2039 15.
630 2012 698 2040 Ood.
719 2013 976 2048 Guelfenbyterau.
1001 2011 1081 2041 1433.
1103 2013 1326 2046 (Helmstadien.
1351 2011 1441 2047 1320).

194 2048 218 2084 1,
242 2048 256 2078 1
281 2050 305 2078 O
328 2050 442 2077 Thoma
462 2050 542 2078 sidus
563 2051 724 2086 anglorum.
742 2067 777 2071 —
798 2049 823 2087 2,
844 2049 862 2080 3
882 2053 1083 2086 promissione.

562 2171 629 2203 328.
659 2172 701 2203 Dc
721 2181 743 2203 s.
766 2173 877 2204 Thoma
898 2173 1125 2205 cantuariensi.

209 2263 238 2295 1.
266 2262 383 2294 Sancte
408 2261 539 2299 Thoma,
565 2261 783 2302 archipraesul
887 2264 918 2296 2.
945 2262 995 2294 Tu
1019 2262 1118 2303 pedes
1145 2263 1263 2295 cotidie

312 2309 398 2341 sedis
421 2308 620 2348 Gantuariae,
992 2311 1146 2342 tredecim
1172 2311 1288 2349 lavisti,

270 2355 391 2396 Cilicio,
416 2356 541 2388 ieiuniis
946 2358 1065 2390 Pavisti
1092 2361 1124 2389 et
1147 2358 1278 2398 singulis

315 2403 449 2435 domasti
473 2406 506 2435 te
530 2405 708 2439 summarie.
994 2405 1140 2437 denarios
1168 2405 1294 2438 dedisti.
