1655 2573
172 221 228 253 ¹79.

172 578 229 610 80.

169 887 224 920 81.

169 1245 225 1276 82.

170 1546 225 1578 83.

167 1849 223 1881 84.

117 2183 126 2192 ,
167 2154 221 2187 85.

675 126 930 162 —211—

254 219 399 252 Dilectus
424 231 547 261 quoque
572 223 676 254 cordis
702 223 762 254 mei

253 268 331 300 Cum
357 268 451 300 Petro
485 269 616 309 loquens
646 270 776 301 verbum

552 316 613 348 Dei

300 361 417 393 Divina
442 371 499 402 per
524 364 642 395 auxilia

253 408 304 439 Ex
329 411 423 448 gente
448 418 542 441 caeca
566 410 737 443 Iudaeoum

251 455 304 487 Ad
316 455 487 496 Christum,
495 466 601 497 regem
607 457 797 497 angelorum,

303 502 468 535 Convertit
492 504 629 544 quinque
653 504 750 535 milia.

254 577 318 609 Hic
337 578 432 610 etiam
451 587 520 610 cum
537 579 633 611 Petro
652 579 777 618 quidem

252 624 459 657 Samaritanis
485 634 601 665 augens
626 625 722 656 fidem

303 672 512 711 impressione
534 681 681 703 manuum

250 718 295 750 Et
320 718 497 757 baptizatos
524 717 732 750 confirmabat

251 764 296 796 Et
318 765 465 804 spiritum
491 765 601 796 salutis
628 765 734 805 dabat,

299 811 466 853 scientem,
487 812 586 851 pium,
604 814 775 845 strenuum.

251 887 342 926 Quod
362 887 489 927 quidem
507 896 653 928 magnum
669 897 776 920 sacra-

552 938 691 966 mentum

251 980 302 1012 Ab
324 981 403 1020 ipsis
421 981 523 1020 primo
541 982 588 1011 sic
603 981 776 1021 inventum,

300 1030 329 1059 A
354 1028 471 1059 nostris
496 1026 698 1068 pontificibus

252 1074 454 1106 Solummodo
470 1083 554 1105 nunc
569 1078 775 1115 reservatum,

253 1121 297 1153 Ut
321 1121 456 1160 pulchre
480 1124 570 1160 patet
595 1124 757 1153 exaratum

300 1167 438 1200 Sacratis
462 1168 495 1199 in
523 1168 693 1200 codicibus.

251 1243 315 1275 Hic
340 1244 434 1275 etiam
455 1252 524 1275 cum
541 1245 636 1276 Petro
654 1244 776 1283 Gephas

250 1290 421 1322 Detestans
446 1291 549 1330 turpis
573 1291 655 1322 lucri
677 1289 767 1322 nefas

297 1338 478 1377 Iniquitatis
503 1346 679 1369 mammone

254 1384 451 1417 Coudemnat
471 1388 594 1424 turpem
613 1385 775 1416 simoniam

252 1432 296 1463 Et
309 1432 410 1471 turpis
421 1432 526 1463 cuncti
535 1435 683 1471 quaestus
694 1432 775 1463 viam

299 1478 376 1510 Cum
402 1479 488 1518 turpi
513 1488 603 1518 mago
629 1478 764 1512 Simone.

252 1544 335 1576 Dum
354 1544 471 1576 Paulus
489 1545 661 1576 Ierusalem
680 1544 774 1585 redit,

252 1591 395 1623 Dilectus
420 1600 507 1622 meus
529 1591 590 1623 sibi
618 1592 705 1623 dedit

297 1638 464 1670 Societatis
491 1639 664 1678 dexteram,

254 1687 300 1719 Ut
325 1694 417 1717 carus
442 1694 529 1717 meus
555 1686 707 1717 ludaismi

252 1734 432 1772 Paulusque
454 1733 584 1765 stultam
600 1734 778 1773 paganismi

300 1780 439 1812 Doceret
462 1783 588 1821 gentem
613 1784 764 1813 exteram.

250 1847 312 1879 Hic
337 1847 446 1887 aquila
469 1847 647 1878 Ezechielis

250 1895 296 1927 Ut
306 1898 428 1934 noscat,
438 1895 518 1926 latet
524 1894 609 1934 quod
618 1894 676 1926 sub
687 1895 776 1935 velis,

300 1942 466 1975 Evolitans
491 1942 656 1974 sublimius

252 1992 426 2022 Aeternum
447 1990 561 2021 summi
577 1989 668 2021 verbi
686 1989 777 2030 entis,

251 2038 289 2069 111
314 2040 385 2069 rota
408 2040 498 2069 rotae
524 2037 741 2077 discurrent-is,

297 2085 353 2117 Fit
375 2085 545 2125 indagator
568 2084 694 2118 nimiuS.

249 2152 313 2185 Hic
336 2152 478 2184 medicus
504 2155 553 2183 est
577 2152 762 2191 animarum,

248 2200 398 2232 Disertus
423 2199 477 2231 hic
501 2202 550 2231 est
575 2199 732 2231 variarum

297 2248 433 2282 011111101-
458 2247 702 2287 aegritudinum,

247 2296 311 2328 Hic
336 2298 502 2328 revocator
526 2293 743 2335 profugorum,

248 2344 312 2377 Hic
336 2343 508 2375 suscitator
531 2344 738 2382 mortuorum,

298 2392 441 2426 Collator
464 2390 693 2423 valetudinum.

848 224 903 256 86.

848 567 903 601 87.

847 916 901 948 88.

848 1215 902 1247 89.

846 1552 903 1585 90.

850 1844 904 1878 91.

851 2151 906 2183 92.

931 222 1050 253 Veneni
1083 229 1213 260 magnus
1237 219 1290 250 hic
1313 222 1449 259 potator,

931 268 1091 301 Confracti
1117 267 1200 298 vasis
1225 269 1401 306 reparator,

974 315 1114 348 Effector
1138 313 1337 352 mirabilium,

928 363 1061 395 illaesus
1087 361 1172 394 virus
1197 360 1259 391 iste
1282 360 1389 397 sumit,

928 409 972 441 Et
996 418 1072 449 quos
1097 416 1155 448 per
1171 407 1257 439 virus
1274 415 1359 438 mors
1377 417 1448 438 0011-

1226 454 1330 493 sumit,

973 503 1038 535 Hic
1063 503 1146 534 vitae
1171 500 1235 532 fert
1256 500 1415 533 auxilium.

928 569 991 600 Hic
1014 567 1229 600 mirandorum
1254 569 1414 606 operator,

930 615 1183 646 Substantiarum
1207 614 1398 653 immutator,

975 661 1047 693 Non
1072 664 1176 693 tamen
1202 661 1266 691 ritu
1290 660 1420 699 magico,

929 708 1066 739 Naturas
1088 708 1149 738 iste
1165 705 1319 738 transfert
1334 715 1448 748 rerum,

928 754 1149 786 Transformat
1179 752 1296 784 formas
1331 753 1451 793 specie-

1231 808 1300 830 rum

976 848 1040 881 Sub
1065 856 1152 879 more
1175 846 1349 887 Moysaico.

928 915 967 946 In
992 921 1129 954 gemmas
1154 921 1231 944 saxa
1256 912 1421 953 pretiosas,

928 962 963 993 111
979 970 1088 992 aurum
1102 960 1206 999 virgas
1220 959 1272 990 hic
1285 958 1452 990 frondosas

976 1008 1124 1039 Immutat
1149 1006 1317 1037 visibiliter

927 1054 972 1085 Et
995 1054 1157 1085 immutata
1184 1056 1294 1084 eontra
1317 1061 1437 1083 morem

928 1101 966 1132 In
983 1109 1089 1132 rerum
1102 1098 1236 1131 formam
1250 1099 1303 1130 1110
1313 1099 1452 1138 priorem

975 1146 1141 1179 Reformat
1163 1146 1361 1178 mirabiliter.

929 1213 992 1244 Hic
1022 1213 1195 1245 advocatus
1229 1220 1351 1251 quoque
1375 1221 1450 1251 pru-

1232 1259 1308 1290 dens

931 1307 1109 1339 Prudenter
1125 1308 1309 1345 argumenta
1327 1306 1455 1346 cudens,

976 1354 1022 1387 Ut
1047 1352 1153 1386 obviet
1176 1352 1344 1383 latratibus

928 1400 1178 1441 Haeretieorum,
1204 1399 1347 1438 Ebionis,

929 1447 1071 1481 Corinthi
1096 1455 1155 1478 nec
1180 1454 1243 1477 non
1267 1445 1441 1477 Marcionis

975 1494 1100 1526 illicitis
1128 1492 1337 1532 dogmatibus.

925 1550 988 1582 Hic
1003 1559 1090 1581 meus
1104 1557 1225 1588 quoque
1241 1548 1454 1588 praedilectus

929 1598 1028 1636 Quam
1053 1596 1179 1637 sapiens
1199 1598 1247 1627 est
1264 1596 1455 1627 architectus

976 1645 1138 1677 Ecclesias
1165 1642 1373 1675 constituens!

930 1693 992 1725 Est
1015 1692 1112 1724 ctiam
1137 1690 1325 1722 archilevita

931 1739 1086 1772 Probatos
1111 1737 1252 1769 moribus
1278 1740 1309 1768 et
1332 1738 1399 1769 vita

977 1786 1185 1825 Presbyteros
1209 1785 1387 1817 instituens.

930 1844 994 1876 Hic
1019 1844 1092 1883 quia
1116 1842 1230 1873 mentis
1255 1842 1394 1881 puritate

933 1891 1060 1924 Garnali
1087 1898 1156 1922 cum
1180 1889 1363 1929 integritate

979 1937 1111 1971 Consilii
1134 1938 1170 1967 ut
1194 1936 1322 1976 angelus

931 1987 969 2019 In
984 1994 1078 2017 carne
1090 1985 1218 2025 praeter
1228 1991 1354 2014 carnem
1367 1983 1454 2026 vixit,

934 2033 1053 2073 Culpan
1058 2033 1115 2064 dus
1123 2040 1187 2063 non
1199 2033 1247 2061 est
1253 2030 1292 2070 15,
1303 2031 1356 2070 qui
1366 2030 1456 2071 dixit,

980 2081 1068 2119 Quod
1093 2079 1163 2118 ipse
1179 2078 1221 2109 sit
1239 2078 1456 2117 archangelus.

932 2147 1133 2181 Domitianus
1157 2145 1343 2185 imperator,

931 2197 1099 2237 Tyrannus
1113 2201 1225 2224 saevus
1240 2195 1272 2223 ct
1284 2195 1455 2234 grassator,

979 2240 1126 2275 Tonitrui
1149 2240 1235 2271 hunc
1258 2239 1357 2271 filium

933 2291 1050 2324 Salutis
1077 2288 1208 2322 verbum
1232 2287 1437 2330 intonantem,

933 2341 1122 2374 Constanter
1147 2335 1415 2374 evangelizantem

978 2386 1112 2425 Relegat
1134 2383 1168 2414 in
1194 2381 1348 2415 exsilium,

1229 2436 1265 2466 14
1272 2435 1289 2450 ‘¹
