1655 2573
150 1154 205 1187 10.

151 1389 205 1423 15.

150 1625 205 1657 20.

152 1861 206 1893 25.

170 2356 201 2388 5.

658 139 915 178 *139—

491 237 544 270 11.
571 237 673 269 Decet
698 240 730 269 et
754 240 803 270 est
828 238 938 270 dulcor
962 246 1046 279 vere,

570 283 712 325 Fratres,
738 294 862 324 semper
887 285 1085 324 congaudere

620 330 670 363 De
693 336 819 371 patrum
844 333 1025 372 praesentia

567 378 613 409 Et
636 378 684 410 sic
707 387 832 420 semper
856 387 1051 411 commanere

566 423 764 457 Perfruendo
789 426 876 457 clara
899 434 985 457 mere

615 472 732 504 Divina
757 473 903 507 essentia.

212 543 292 571 Orat.
312 552 365 571 1115.
387 545 572 573 carthusian.
594 554 669 574 saec.
692 544 734 573 15.
775 545 845 573 God.
867 546 961 582 Capit.
980 547 1129 574 Treviren.
1154 544 1215 573 116.

589 654 652 684 267.
683 655 724 685 De
744 655 851 685 sancto
871 654 984 686 Blasio.

231 733 347 764 Sancte
362 731 461 769 Blasi,
487 734 609 771 martyr
626 732 757 774 Christi,

230 779 289 819 Qui
313 777 418 810 fidelis
443 778 613 818 perstitisti

231 826 368 865 Propter
391 826 497 867 ipsum
517 826 606 865 pium
630 835 747 867 regem,

231 873 289 911 Qui
315 876 348 904 te
372 872 413 904 ad
438 873 605 904 caelestem
633 882 757 913 gregem

198 946 204 952 .
233 921 310 953 Cum
342 920 507 951 tormentis
532 919 702 952 advocavit

233 967 279 1000 Ut
303 966 450 1006 amicum,
476 975 567 1007 quem
591 967 728 1008 amavit,

232 1013 279 1046 Ob
297 1022 389 1053 quam
410 1021 533 1045 causam
554 1021 586 1044 es
602 1014 759 1053 plagatus,

231 1060 339 1099 Plagis
368 1060 477 1091 multis
501 1061 645 1100 satiatus,

231 1106 343 1139 Multis
370 1107 468 1148 signis
492 1106 647 1147 effulsisti,

233 1154 296 1185 Per
319 1162 401 1193 quae
424 1155 540 1185 multos
566 1154 711 1185 exemisti

230 1201 261 1232 A
285 1200 416 1240 maligni
442 1203 610 1240 potestate,

232 1247 292 1287 Qui
315 1248 378 1279 iam
404 1248 435 1279 in
462 1247 651 1279 aeternitate

231 1295 351 1326 Tecum
375 1298 409 1326 et
434 1303 506 1326 cum
528 1294 665 1326 Domino

231 1341 381 1373 Gaudent
403 1341 472 1373 sine
496 1342 641 1373 termino.

233 1388 364 1428 Nosque
389 1391 444 1420 tua
466 1391 576 1420 sancta
598 1396 696 1427 prece

231 1436 438 1467 Peccatorum
468 1436 587 1467 munda
611 1434 712 1477 faece,

232 1483 291 1522 Qui
315 1482 377 1514 tuis
402 1482 520 1514 53110115
542 1482 664 1514 meritis

231 1529 422 1562 instruimur
446 1532 479 1560 et
503 1530 667 1570 exemplis,

231 1576 331 1609 Nobis
356 1585 509 1616 praesens
533 1577 565 1607 in
591 1576 735 1608 adversis

236 1624 369 1663 Semper
394 1624 436 1655 sis
462 1627 494 1655 et
516 1623 550 1655 in
573 1623 712 1662 periclis.

231 1671 449 1711 Pauperculae
476 1671 550 1703 dum
575 1676 703 1711 raperet

232 1718 342 1757 Lupus
364 1726 506 1759 porcum,
531 1721 568 1749 ut
591 1719 709 1760 ederet,

231 1765 335 1804 Rogat
359 1767 393 1795 te
417 1765 501 1796 hunc
527 1764 622 1797 reddi
645 1765 726 1805 sibi3

229 1810 406 1844 Subridens
434 1812 622 1852 „Reddetur
646 1812 725 1843 tibi“

235 1859 310 1892 Cum
339 1859 458 1899 dixisti,
483 1860 577 1899 lupus
601 1859 688 1892 redit

231 1906 275 1938 Et
298 1907 346 1938 sic
368 1916 444 1939 mox
468 1906 529 1938 tibi
552 1906 696 1948 oboedit,

832 875 886 906 30.

829 1109 883 1140 35.

829 1342 885 1374 40.

829 1577 884 1608 45.

833 1813 887 1846 50.

912 733 1034 765 Viduae
1055 742 1184 773 porcum
1210 737 1363 776 reportat,

913 780 1010 818 Quem
1037 780 1094 812 illa
1117 780 1223 812 statim
1248 784 1280 812 et
1294 785 1431 820 mactat,

913 827 1041 870 Lumen,
1067 836 1190 867 panem,
1214 830 1320 868 caput,
1337 829 1435 867 pedes

913 875 1047 906 Portans
1072 877 1162 913 rogat
1186 877 1227 914 te,
1253 877 1289 906 ut
1313 875 1396 906 edes.

914 920 989 952 Cum
1015 922 1157 964 gustasti,
1185 922 1395 960 respondisti:

911 967 1000 999 Scias
1027 970 1063 998 111
1089 970 1120 999 et
1144 976 1250 999 omnes
1274 968 1337 1012 isti,

912 1014 971 1052 Qui
986 1023 1108 1052 munus,
1126 1014 1210 1054 quod
1224 1015 1431 1057 decreverint,

911 1061 1004 1092 Omni
1028 1069 1109 1093 311110
1132 1061 1303 1092 obtulerint

909 1107 1063 1139 Ecclesiis
1088 1108 1150 1139 mei
1174 1108 1317 1148 nominis,

909 1154 981 1186 Non
1007 1154 1144 1196 egebunt
1166 1157 1363 1189 110005531115.

911 1200 1037 1233 sanasti
1063 1206 1094 1232 et
1117 1204 1151 1232 tu
1175 1210 1319 1244 puerum,

913 1248 968 1280 Cui
995 1257 1029 1280 os
1051 1248 1149 1287 piscis
1171 1252 1386 1281 transversum

911 1296 949 1327 111
974 1298 1100 1334 gutture
1124 1300 1194 1327 erat
1217 1305 1284 1338 suo,

911 1342 1023 1382 Orans,
1049 1345 1085 1373 ut
1109 1343 1232 1373 nomine
1257 1346 1310 1374 tuo

910 1388 1060 1421 Invocato
1090 1391 1277 1421 sanarentur

911 1435 1037 1478 Omnes,
1062 1445 1122 1475 qua
1141 1444 1235 1467 causa
1251 1440 1432 1476 graventur.

911 1482 1026 1514 Sancte
1037 1481 1135 1524 Blasi,
1149 1492 1240 1522 quam
1256 1487 1436 1515 mansuetus

910 1529 1002 1561 Feris
1032 1532 1064 1561 et
1086 1530 1265 1561 hominibus

910 1575 1025 1614 Fuisti,
1053 1579 1083 1607 et
1107 1577 1185 1608 mihi
1208 1578 1279 1616 pius

912 1623 962 1655 Sis
986 1624 1019 1655 in
1041 1624 1122 1655 votis
1147 1624 1300 1664 omnibus,

910 1671 971 1703 Pro
984 1671 1075 1703 nobis
1086 1671 1243 1703 Christum
1253 1672 1435 1713 interpella,

911 1718 958 1751 Ut
980 1727 1037 1750 nos
1061 1718 1154 1750 hmus
1170 1718 1281 1750 mundi
1296 1720 1438 1758 procella

911 1765 984 1797 Non
1005 1766 1148 1798 involvat
1170 1765 1295 1806 misere,

914 1811 978 1845 Sed
1002 1813 1044 1845 ad
1068 1812 1170 1845 Deum
1194 1822 1349 1853 prospere

911 1860 990 1892 Post
996 1860 1079 1892 hanc
1087 1861 1184 1891 vitam
1196 1862 1437 1900 transvolemus,

913 1906 989 1939 Sine
1010 1906 1074 1939 fine
1099 1917 1158 1947 quo
1183 1908 1367 1948 gaudemus.

216 1971 296 1999 Orat.
316 1979 371 1998 ms.
394 1971 578 1999 carthusian.
600 1978 675 1998 saec.
698 1970 742 1999 15,
782 1971 850 1999 Cod.
873 1970 968 2007 Capit.
990 1972 1139 2000 Treviren.
1163 1970 1225 1999 116.

578 2081 644 2113 268.
673 2082 717 2113 De
737 2082 847 2114 saneta
866 2081 1004 2122 Brigida.

234 2162 338 2207 Salve,
369 2162 520 2195 virtutum
548 2162 714 2203 gemmula,

228 2211 354 2243 Devota
380 2210 499 2243 Christi
522 2210 665 2255 Brigida,

231 2259 317 2299 Quae
343 2268 362 2291 a
388 2258 515 2292 Christo
541 2258 723 2298 postulasti,

230 2307 427 2339 Postulando
448 2306 639 2348 impetrasti,

229 2353 278 2385 Ne
306 2357 393 2386 tuam
410 2354 561 2386 mundam
579 2354 758 2386 castitatem

229 2402 369 2444 Propter
394 2401 557 2435 sordidam
575 2400 761 2434 foeditatem

834 2306 890 2339 10.

915 2162 1063 2202 Unquam
1089 2163 1223 2195 violaret
1244 2163 1348 2204 homo,

915 2209 978 2243 Sed
1002 2210 1037 2242 111
1062 2211 1218 2244 0351113115
1245 2213 1337 2244 domo

914 2259 1028 2291 Posses
1054 2258 1179 2291 Christo
1204 2257 1352 2292 famulari

916 2306 962 2338 Et
984 2306 1032 2338 sic
1055 2315 1172 2347 sponso
1196 2307 1312 2339 sociari

914 2353 985 2386 Non
1011 2353 1132 2386 habens
1155 2354 1257 2386 carnis
1273 2354 1440 2395 maculam,

916 2402 980 2435 Sed
1007 2402 1187 2434 decoratam
1212 2402 1359 2437 animam.
