<?xml version="1.0" encoding="UTF-8"?>
<!DOCTYPE html PUBLIC "-//W3C//DTD XHTML 1.0 Transitional//EN"
    "http://www.w3.org/TR/xhtml1/DTD/xhtml1-transitional.dtd">
<html xmlns="http://www.w3.org/1999/xhtml" xml:lang="en" lang="en">
 <head>
  <title>
</title>
<meta http-equiv="Content-Type" content="text/html;charset=utf-8" />
  <meta name='ocr-system' content='tesseract 3.04.00' />
  <meta name='ocr-capabilities' content='ocr_page ocr_carea ocr_par ocr_line ocrx_word'/>
</head>
<body>
  <div class='ocr_page' id='page_1' title='image "./analectahymnica29drevuoft_00033.png"; bbox 0 0 1655 2573; ppageno 0'>
   <div class='ocr_carea' id='block_1_1' title="bbox 655 217 1101 259">
    <p class='ocr_par' dir='ltr' id='par_1_1' title="bbox 655 217 1101 259">
     <span class='ocr_line' id='line_1_1' title="bbox 655 217 1101 259; baseline -0.009 -7"><span class='ocrx_word' id='word_1_1' title='bbox 655 220 700 253; x_wconf 80' lang='lat'>38.</span> <span class='ocrx_word' id='word_1_2' title='bbox 730 221 773 252; x_wconf 84' lang='lat' dir='ltr'>De</span> <span class='ocrx_word' id='word_1_3' title='bbox 793 219 970 259; x_wconf 78' lang='lat' dir='ltr'>virginibus</span> <span class='ocrx_word' id='word_1_4' title='bbox 991 217 1101 251; x_wconf 83' lang='lat' dir='ltr'>oratio.</span> 
     </span>
    </p>
   </div>
   <div class='ocr_carea' id='block_1_2' title="bbox 250 297 1528 478">
    <p class='ocr_par' dir='ltr' id='par_1_2' title="bbox 250 297 1528 478">
     <span class='ocr_line' id='line_1_2' title="bbox 250 297 1526 341; baseline -0.007 -6"><span class='ocrx_word' id='word_1_5' title='bbox 250 302 278 335; x_wconf 93' lang='lat'>1.</span> <span class='ocrx_word' id='word_1_6' title='bbox 306 302 457 340; x_wconf 89' lang='lat' dir='ltr'>Avete,</span> <span class='ocrx_word' id='word_1_7' title='bbox 483 309 622 341; x_wconf 83' lang='lat' dir='ltr'>gemmae</span> <span class='ocrx_word' id='word_1_8' title='bbox 645 300 825 341; x_wconf 80' lang='lat' dir='ltr'>virginaleS,</span> <span class='ocrx_word' id='word_1_9' title='bbox 923 301 953 332; x_wconf 82' lang='lat'>3.</span> <span class='ocrx_word' id='word_1_10' title='bbox 981 298 1187 338; x_wconf 82' lang='lat' dir='ltr'>Gaudete,</span> <span class='ocrx_word' id='word_1_11' title='bbox 1215 305 1306 329; x_wconf 84' lang='lat' dir='ltr'>rosae</span> <span class='ocrx_word' id='word_1_12' title='bbox 1322 297 1526 336; x_wconf 79' lang='lat' dir='ltr'>purpuratae,</span> 
     </span>
     <span class='ocr_line' id='line_1_3' title="bbox 307 342 1478 388; baseline -0.006 -7"><span class='ocrx_word' id='word_1_13' title='bbox 307 350 346 381; x_wconf 91' lang='lat' dir='ltr'>In</span> <span class='ocrx_word' id='word_1_14' title='bbox 370 347 434 381; x_wconf 86' lang='lat' dir='ltr'>fide</span> <span class='ocrx_word' id='word_1_15' title='bbox 459 348 581 380; x_wconf 85' lang='lat' dir='ltr'>Christo</span> <span class='ocrx_word' id='word_1_16' title='bbox 607 348 769 388; x_wconf 75' lang='lat' dir='ltr'>speciales,</span> <span class='ocrx_word' id='word_1_17' title='bbox 979 346 1016 378; x_wconf 92' lang='lat' dir='ltr'>In</span> <span class='ocrx_word' id='word_1_18' title='bbox 1041 344 1126 377; x_wconf 89' lang='lat' dir='ltr'>caelo</span> <span class='ocrx_word' id='word_1_19' title='bbox 1152 344 1277 377; x_wconf 77' lang='lat' dir='ltr'>Christo</span> <span class='ocrx_word' id='word_1_20' title='bbox 1305 342 1478 383; x_wconf 82' lang='lat' dir='ltr'>copulatae,</span> 
     </span>
     <span class='ocr_line' id='line_1_4' title="bbox 308 392 1528 436; baseline -0.005 -9"><span class='ocrx_word' id='word_1_21' title='bbox 308 395 386 428; x_wconf 78' lang='lat' dir='ltr'>Cum</span> <span class='ocrx_word' id='word_1_22' title='bbox 412 395 544 427; x_wconf 82' lang='lat' dir='ltr'>caritate</span> <span class='ocrx_word' id='word_1_23' title='bbox 569 395 747 436; x_wconf 73' lang='lat' dir='ltr'>deauratae,</span> <span class='ocrx_word' id='word_1_24' title='bbox 979 393 1071 425; x_wconf 87' lang='lat' dir='ltr'>Nunc</span> <span class='ocrx_word' id='word_1_25' title='bbox 1119 393 1185 424; x_wconf 88' lang='lat' dir='ltr'>eius</span> <span class='ocrx_word' id='word_1_26' title='bbox 1228 392 1346 423; x_wconf 80' lang='lat' dir='ltr'>vultum</span> <span class='ocrx_word' id='word_1_27' title='bbox 1390 392 1528 422; x_wconf 82' lang='lat' dir='ltr'>contem-</span> 
     </span>
     <span class='ocr_line' id='line_1_5' title="bbox 306 438 1435 478; baseline -0.005 -4"><span class='ocrx_word' id='word_1_28' title='bbox 306 442 431 474; x_wconf 85' lang='lat' dir='ltr'>Virtute</span> <span class='ocrx_word' id='word_1_29' title='bbox 455 442 538 473; x_wconf 86' lang='lat' dir='ltr'>omni</span> <span class='ocrx_word' id='word_1_30' title='bbox 562 443 739 473; x_wconf 81' lang='lat' dir='ltr'>coronat-ae.</span> <span class='ocrx_word' id='word_1_31' title='bbox 1300 438 1435 478; x_wconf 76' lang='lat' dir='ltr'>plantes,</span> 
     </span>
    </p>
   </div>
   <div class='ocr_carea' id='block_1_3' title="bbox 249 485 1524 586">
    <p class='ocr_par' dir='ltr' id='par_1_3' title="bbox 249 485 1524 586">
     <span class='ocr_line' id='line_1_6' title="bbox 978 485 1453 519; baseline -0.002 0"><span class='ocrx_word' id='word_1_32' title='bbox 978 488 1040 519; x_wconf 83' lang='lat' dir='ltr'>Pro</span> <span class='ocrx_word' id='word_1_33' title='bbox 1064 485 1155 518; x_wconf 90' lang='lat' dir='ltr'>nobis</span> <span class='ocrx_word' id='word_1_34' title='bbox 1181 485 1251 517; x_wconf 87' lang='lat' dir='ltr'>sitis</span> <span class='ocrx_word' id='word_1_35' title='bbox 1277 486 1453 518; x_wconf 85' lang='lat' dir='ltr'>exorantes.</span> 
     </span>
     <span class='ocr_line' id='line_1_7' title="bbox 249 541 1524 586; baseline -0.005 -8"><span class='ocrx_word' id='word_1_36' title='bbox 249 546 280 578; x_wconf 83' lang='lat'>2.</span> <span class='ocrx_word' id='word_1_37' title='bbox 308 543 498 580; x_wconf 85' lang='lat' dir='ltr'>Salvete,</span> <span class='ocrx_word' id='word_1_38' title='bbox 525 551 659 583; x_wconf 85' lang='lat' dir='ltr'>sponsae</span> <span class='ocrx_word' id='word_1_39' title='bbox 682 543 845 586; x_wconf 83' lang='lat' dir='ltr'>reginales,</span> <span class='ocrx_word' id='word_1_40' title='bbox 917 544 948 576; x_wconf 82' lang='lat'>4.</span> <span class='ocrx_word' id='word_1_41' title='bbox 976 543 1144 583; x_wconf 85' lang='lat' dir='ltr'>Valete,</span> <span class='ocrx_word' id='word_1_42' title='bbox 1171 542 1330 582; x_wconf 81' lang='lat' dir='ltr'>nymphae</span> <span class='ocrx_word' id='word_1_43' title='bbox 1353 541 1524 580; x_wconf 84' lang='lat' dir='ltr'>sapientes,</span> 
     </span>
    </p>
   </div>
   <div class='ocr_carea' id='block_1_4' title="bbox 304 588 1524 725">
    <p class='ocr_par' dir='ltr' id='par_1_4' title="bbox 304 588 1524 725">
     <span class='ocr_line' id='line_1_8' title="bbox 305 588 1448 630; baseline -0.001 -9"><span class='ocrx_word' id='word_1_44' title='bbox 305 590 423 622; x_wconf 81' lang='lat' dir='ltr'>Summi</span> <span class='ocrx_word' id='word_1_45' title='bbox 446 590 527 630; x_wconf 86' lang='lat' dir='ltr'>regis</span> <span class='ocrx_word' id='word_1_46' title='bbox 551 589 798 629; x_wconf 80' lang='lat' dir='ltr'>contubernales,</span> <span class='ocrx_word' id='word_1_47' title='bbox 976 589 1054 621; x_wconf 63' lang='lat' dir='ltr'>(jum</span> <span class='ocrx_word' id='word_1_48' title='bbox 1080 589 1200 630; x_wconf 84' lang='lat' dir='ltr'>angelis</span> <span class='ocrx_word' id='word_1_49' title='bbox 1225 588 1448 629; x_wconf 77' lang='lat' dir='ltr'>tripudiantes,</span> 
     </span>
     <span class='ocr_line' id='line_1_9' title="bbox 304 636 1524 675; baseline -0.002 -7"><span class='ocrx_word' id='word_1_50' title='bbox 304 637 469 675; x_wconf 83' lang='lat' dir='ltr'>Tyrannos</span> <span class='ocrx_word' id='word_1_51' title='bbox 494 636 558 669; x_wconf 86' lang='lat' dir='ltr'>fide</span> <span class='ocrx_word' id='word_1_52' title='bbox 584 637 743 668; x_wconf 73' lang='lat' dir='ltr'>devicistis</span> <span class='ocrx_word' id='word_1_53' title='bbox 975 637 1027 668; x_wconf 85' lang='lat' dir='ltr'>Ad</span> <span class='ocrx_word' id='word_1_54' title='bbox 1055 636 1167 668; x_wconf 90' lang='lat' dir='ltr'>choros</span> <span class='ocrx_word' id='word_1_55' title='bbox 1192 637 1313 667; x_wconf 89' lang='lat' dir='ltr'>vestros</span> <span class='ocrx_word' id='word_1_56' title='bbox 1337 644 1395 666; x_wconf 87' lang='lat' dir='ltr'>nos</span> <span class='ocrx_word' id='word_1_57' title='bbox 1419 636 1524 667; x_wconf 87' lang='lat' dir='ltr'>levate</span> 
     </span>
     <span class='ocr_line' id='line_1_10' title="bbox 306 681 1427 725; baseline -0.002 -11"><span class='ocrx_word' id='word_1_58' title='bbox 306 683 373 715; x_wconf 86' lang='lat' dir='ltr'>Nec</span> <span class='ocrx_word' id='word_1_59' title='bbox 398 692 514 725; x_wconf 85' lang='lat' dir='ltr'>poenas</span> <span class='ocrx_word' id='word_1_60' title='bbox 541 684 626 716; x_wconf 83' lang='lat' dir='ltr'>diras</span> <span class='ocrx_word' id='word_1_61' title='bbox 652 683 807 715; x_wconf 56' lang='lat' dir='ltr'>timuistis</span> <span class='ocrx_word' id='word_1_62' title='bbox 976 682 1125 715; x_wconf 82' lang='lat' dir='ltr'>Fruendo</span> <span class='ocrx_word' id='word_1_63' title='bbox 1149 690 1276 721; x_wconf 85' lang='lat' dir='ltr'>semper</span> <span class='ocrx_word' id='word_1_64' title='bbox 1300 681 1427 714; x_wconf 75' lang='lat' dir='ltr'>deitate.</span> 
     </span>
    </p>
   </div>
   <div class='ocr_carea' id='block_1_5' title="bbox 608 809 1146 849">
    <p class='ocr_par' dir='ltr' id='par_1_5' title="bbox 608 809 1146 849">
     <span class='ocr_line' id='line_1_11' title="bbox 608 809 1146 849; baseline 0 -8"><span class='ocrx_word' id='word_1_65' title='bbox 608 810 654 841; x_wconf 84' lang='lat'>39.</span> <span class='ocrx_word' id='word_1_66' title='bbox 684 811 728 841; x_wconf 78' lang='lat' dir='ltr'>Ad</span> <span class='ocrx_word' id='word_1_67' title='bbox 748 818 839 841; x_wconf 82' lang='lat' dir='ltr'>unam</span> <span class='ocrx_word' id='word_1_68' title='bbox 858 809 1014 849; x_wconf 80' lang='lat' dir='ltr'>virginem</span> <span class='ocrx_word' id='word_1_69' title='bbox 1036 809 1146 841; x_wconf 83' lang='lat' dir='ltr'>oratio.</span> 
     </span>
    </p>
   </div>
   <div class='ocr_carea' id='block_1_6' title="bbox 247 887 1479 1266">
    <p class='ocr_par' dir='ltr' id='par_1_6' title="bbox 247 887 1479 1022">
     <span class='ocr_line' id='line_1_12' title="bbox 247 887 1479 932; baseline -0.003 -9"><span class='ocrx_word' id='word_1_70' title='bbox 247 892 277 923; x_wconf 85' lang='lat' dir='ltr'>l.</span> <span class='ocrx_word' id='word_1_71' title='bbox 303 892 396 930; x_wconf 86' lang='lat' dir='ltr'>Ave,</span> <span class='ocrx_word' id='word_1_72' title='bbox 422 891 510 930; x_wconf 86' lang='lat' dir='ltr'>virgo</span> <span class='ocrx_word' id='word_1_73' title='bbox 535 898 651 929; x_wconf 88' lang='lat' dir='ltr'>sponsa</span> <span class='ocrx_word' id='word_1_74' title='bbox 674 889 802 932; x_wconf 77' lang='lat' dir='ltr'>Christi,</span> <span class='ocrx_word' id='word_1_75' title='bbox 922 891 952 922; x_wconf 86' lang='lat'>3.</span> <span class='ocrx_word' id='word_1_76' title='bbox 981 888 1138 930; x_wconf 77' lang='lat' dir='ltr'>Gaude,</span> <span class='ocrx_word' id='word_1_77' title='bbox 1163 887 1313 926; x_wconf 81' lang='lat' dir='ltr'>tempium</span> <span class='ocrx_word' id='word_1_78' title='bbox 1341 888 1479 927; x_wconf 83' lang='lat' dir='ltr'>deitatis,</span> 
     </span>
     <span class='ocr_line' id='line_1_13' title="bbox 304 934 1419 976; baseline -0.002 -8"><span class='ocrx_word' id='word_1_79' title='bbox 304 938 389 976; x_wconf 75' lang='lat' dir='ltr'>Quae</span> <span class='ocrx_word' id='word_1_80' title='bbox 412 939 538 968; x_wconf 82' lang='lat' dir='ltr'>terrena</span> <span class='ocrx_word' id='word_1_81' title='bbox 563 936 722 975; x_wconf 86' lang='lat' dir='ltr'>respuisti,</span> <span class='ocrx_word' id='word_1_82' title='bbox 979 936 1028 967; x_wconf 90' lang='lat' dir='ltr'>Tu</span> <span class='ocrx_word' id='word_1_83' title='bbox 1052 943 1084 966; x_wconf 88' lang='lat' dir='ltr'>es</span> <span class='ocrx_word' id='word_1_84' title='bbox 1108 934 1229 974; x_wconf 84' lang='lat' dir='ltr'>lampas</span> <span class='ocrx_word' id='word_1_85' title='bbox 1256 935 1419 975; x_wconf 84' lang='lat' dir='ltr'>claritatis,</span> 
     </span>
     <span class='ocr_line' id='line_1_14' title="bbox 305 981 1352 1022; baseline -0.002 -7"><span class='ocrx_word' id='word_1_86' title='bbox 305 983 429 1015; x_wconf 87' lang='lat' dir='ltr'>Summo</span> <span class='ocrx_word' id='word_1_87' title='bbox 453 983 520 1014; x_wconf 81' lang='lat' dir='ltr'>Deo</span> <span class='ocrx_word' id='word_1_88' title='bbox 546 982 703 1022; x_wconf 82' lang='lat' dir='ltr'>placuisti,</span> <span class='ocrx_word' id='word_1_89' title='bbox 979 983 1052 1021; x_wconf 86' lang='lat' dir='ltr'>Ora,</span> <span class='ocrx_word' id='word_1_90' title='bbox 1081 981 1167 1022; x_wconf 83' lang='lat' dir='ltr'>virgo</span> <span class='ocrx_word' id='word_1_91' title='bbox 1193 982 1352 1021; x_wconf 84' lang='lat' dir='ltr'>puritatis,</span> 
     </span>
    </p>

    <p class='ocr_par' dir='ltr' id='par_1_7' title="bbox 305 1028 1411 1062">
     <span class='ocr_line' id='line_1_15' title="bbox 305 1028 1411 1062; baseline 0.001 -1"><span class='ocrx_word' id='word_1_92' title='bbox 305 1030 362 1062; x_wconf 87' lang='lat' dir='ltr'>Cui</span> <span class='ocrx_word' id='word_1_93' title='bbox 384 1029 479 1061; x_wconf 83' lang='lat' dir='ltr'>fidem</span> <span class='ocrx_word' id='word_1_94' title='bbox 505 1029 680 1062; x_wconf 84' lang='lat' dir='ltr'>custodisti.</span> <span class='ocrx_word' id='word_1_95' title='bbox 976 1029 1075 1060; x_wconf 87' lang='lat' dir='ltr'>Nobis</span> <span class='ocrx_word' id='word_1_96' title='bbox 1102 1029 1197 1061; x_wconf 90' lang='lat' dir='ltr'>vitam</span> <span class='ocrx_word' id='word_1_97' title='bbox 1223 1028 1411 1062; x_wconf 70' lang='lat' dir='ltr'>sanctitatis</span> 
     </span>
    </p>

    <p class='ocr_par' dir='ltr' id='par_1_8' title="bbox 249 1085 1444 1266">
     <span class='ocr_line' id='line_1_16' title="bbox 249 1085 1433 1127; baseline -0.001 -9"><span class='ocrx_word' id='word_1_98' title='bbox 249 1088 279 1119; x_wconf 86' lang='lat'>2.</span> <span class='ocrx_word' id='word_1_99' title='bbox 306 1086 448 1127; x_wconf 87' lang='lat' dir='ltr'>Salve,</span> <span class='ocrx_word' id='word_1_100' title='bbox 476 1085 538 1117; x_wconf 88' lang='lat' dir='ltr'>Dei</span> <span class='ocrx_word' id='word_1_101' title='bbox 561 1088 595 1116; x_wconf 93' lang='lat' dir='ltr'>tu</span> <span class='ocrx_word' id='word_1_102' title='bbox 620 1085 744 1123; x_wconf 86' lang='lat' dir='ltr'>dilecta,</span> <span class='ocrx_word' id='word_1_103' title='bbox 919 1088 950 1116; x_wconf 82' lang='lat'>4.</span> <span class='ocrx_word' id='word_1_104' title='bbox 977 1085 1100 1123; x_wconf 86' lang='lat' dir='ltr'>Vale,</span> <span class='ocrx_word' id='word_1_105' title='bbox 1132 1093 1248 1124; x_wconf 89' lang='lat' dir='ltr'>sponsa</span> <span class='ocrx_word' id='word_1_106' title='bbox 1273 1086 1433 1125; x_wconf 84' lang='lat' dir='ltr'>coronata,</span> 
     </span>
     <span class='ocr_line' id='line_1_17' title="bbox 304 1131 1383 1172; baseline 0 -9"><span class='ocrx_word' id='word_1_107' title='bbox 304 1131 415 1164; x_wconf 84' lang='lat' dir='ltr'>Gratia</span> <span class='ocrx_word' id='word_1_108' title='bbox 444 1132 495 1163; x_wconf 80' lang='lat' dir='ltr'>hic</span> <span class='ocrx_word' id='word_1_109' title='bbox 524 1132 736 1172; x_wconf 83' lang='lat' dir='ltr'>circumtecta,</span> <span class='ocrx_word' id='word_1_110' title='bbox 979 1131 1081 1171; x_wconf 86' lang='lat' dir='ltr'>Super</span> <span class='ocrx_word' id='word_1_111' title='bbox 1106 1132 1208 1163; x_wconf 87' lang='lat' dir='ltr'>caelos</span> <span class='ocrx_word' id='word_1_112' title='bbox 1235 1132 1383 1170; x_wconf 81' lang='lat' dir='ltr'>exaltata,</span> 
     </span>
     <span class='ocr_line' id='line_1_18' title="bbox 307 1177 1379 1218; baseline 0 -8"><span class='ocrx_word' id='word_1_113' title='bbox 307 1179 395 1210; x_wconf 85' lang='lat' dir='ltr'>Inter</span> <span class='ocrx_word' id='word_1_114' title='bbox 421 1180 545 1210; x_wconf 87' lang='lat' dir='ltr'>sanctas</span> <span class='ocrx_word' id='word_1_115' title='bbox 569 1186 652 1209; x_wconf 88' lang='lat' dir='ltr'>nunc</span> <span class='ocrx_word' id='word_1_116' title='bbox 676 1180 838 1218; x_wconf 81' lang='lat' dir='ltr'>provecta,</span> <span class='ocrx_word' id='word_1_117' title='bbox 979 1178 1091 1217; x_wconf 83' lang='lat' dir='ltr'>Regna</span> <span class='ocrx_word' id='word_1_118' title='bbox 1114 1178 1194 1209; x_wconf 86' lang='lat' dir='ltr'>caeli</span> <span class='ocrx_word' id='word_1_119' title='bbox 1218 1177 1277 1210; x_wconf 90' lang='lat' dir='ltr'>tibi</span> <span class='ocrx_word' id='word_1_120' title='bbox 1304 1179 1379 1210; x_wconf 89' lang='lat' dir='ltr'>data</span> 
     </span>
     <span class='ocr_line' id='line_1_19' title="bbox 305 1223 1444 1266; baseline 0.001 -10"><span class='ocrx_word' id='word_1_121' title='bbox 305 1225 420 1266; x_wconf 83' lang='lat' dir='ltr'>Purga,</span> <span class='ocrx_word' id='word_1_122' title='bbox 447 1233 525 1264; x_wconf 85' lang='lat' dir='ltr'>quae</span> <span class='ocrx_word' id='word_1_123' title='bbox 549 1226 622 1257; x_wconf 91' lang='lat' dir='ltr'>sunt</span> <span class='ocrx_word' id='word_1_124' title='bbox 646 1224 698 1256; x_wconf 89' lang='lat' dir='ltr'>hie</span> <span class='ocrx_word' id='word_1_125' title='bbox 721 1223 850 1256; x_wconf 84' lang='lat' dir='ltr'>infecta.</span> <span class='ocrx_word' id='word_1_126' title='bbox 980 1225 1079 1256; x_wconf 88' lang='lat' dir='ltr'>Posce</span> <span class='ocrx_word' id='word_1_127' title='bbox 1101 1225 1203 1264; x_wconf 82' lang='lat' dir='ltr'>nobiS,</span> <span class='ocrx_word' id='word_1_128' title='bbox 1229 1225 1318 1265; x_wconf 84' lang='lat' dir='ltr'>virgo</span> <span class='ocrx_word' id='word_1_129' title='bbox 1342 1228 1444 1265; x_wconf 85' lang='lat' dir='ltr'>grata.</span> 
     </span>
    </p>
   </div>
   <div class='ocr_carea' id='block_1_7' title="bbox 515 1351 1250 1390">
    <p class='ocr_par' dir='ltr' id='par_1_9' title="bbox 515 1351 1250 1390">
     <span class='ocr_line' id='line_1_20' title="bbox 515 1351 1250 1390; baseline 0.001 -8"><span class='ocrx_word' id='word_1_130' title='bbox 515 1352 565 1383; x_wconf 80' lang='lat'>40.</span> <span class='ocrx_word' id='word_1_131' title='bbox 595 1351 699 1382; x_wconf 84' lang='lat' dir='ltr'>Oratio</span> <span class='ocrx_word' id='word_1_132' title='bbox 721 1351 760 1382; x_wconf 73' lang='lat' dir='ltr'>atl</span> <span class='ocrx_word' id='word_1_133' title='bbox 780 1359 881 1383; x_wconf 86' lang='lat' dir='ltr'>omnes</span> <span class='ocrx_word' id='word_1_134' title='bbox 902 1352 1024 1383; x_wconf 84' lang='lat' dir='ltr'>sanctos</span> <span class='ocrx_word' id='word_1_135' title='bbox 1045 1351 1076 1382; x_wconf 88' lang='lat' dir='ltr'>in</span> <span class='ocrx_word' id='word_1_136' title='bbox 1098 1352 1250 1390; x_wconf 82' lang='lat' dir='ltr'>generali.</span> 
     </span>
    </p>
   </div>
   <div class='ocr_carea' id='block_1_8' title="bbox 247 1431 1526 1802">
    <p class='ocr_par' dir='ltr' id='par_1_10' title="bbox 252 1431 1526 1565">
     <span class='ocr_line' id='line_1_21' title="bbox 252 1431 1525 1474; baseline -0.001 -10"><span class='ocrx_word' id='word_1_137' title='bbox 252 1433 280 1464; x_wconf 86' lang='lat'>1.</span> <span class='ocrx_word' id='word_1_138' title='bbox 307 1432 457 1471; x_wconf 81' lang='lat' dir='ltr'>Avete‚</span> <span class='ocrx_word' id='word_1_139' title='bbox 483 1440 588 1463; x_wconf 90' lang='lat' dir='ltr'>omnes</span> <span class='ocrx_word' id='word_1_140' title='bbox 614 1432 692 1463; x_wconf 85' lang='lat' dir='ltr'>caeli</span> <span class='ocrx_word' id='word_1_141' title='bbox 717 1432 811 1469; x_wconf 85' lang='lat' dir='ltr'>cives,</span> <span class='ocrx_word' id='word_1_142' title='bbox 921 1433 953 1464; x_wconf 81' lang='lat'>3.</span> <span class='ocrx_word' id='word_1_143' title='bbox 981 1431 1172 1472; x_wconf 83' lang='lat' dir='ltr'>Gaudete,</span> <span class='ocrx_word' id='word_1_144' title='bbox 1198 1433 1300 1464; x_wconf 88' lang='lat' dir='ltr'>saneti</span> <span class='ocrx_word' id='word_1_145' title='bbox 1324 1433 1416 1464; x_wconf 89' lang='lat' dir='ltr'>simul</span> <span class='ocrx_word' id='word_1_146' title='bbox 1440 1432 1525 1474; x_wconf 88' lang='lat' dir='ltr'>iusti,</span> 
     </span>
     <span class='ocr_line' id='line_1_22' title="bbox 309 1477 1526 1519; baseline 0 -10"><span class='ocrx_word' id='word_1_147' title='bbox 309 1477 472 1509; x_wconf 84' lang='lat' dir='ltr'>Caelorum</span> <span class='ocrx_word' id='word_1_148' title='bbox 495 1485 550 1509; x_wconf 87' lang='lat' dir='ltr'>rex</span> <span class='ocrx_word' id='word_1_149' title='bbox 574 1478 608 1508; x_wconf 88' lang='lat' dir='ltr'>in</span> <span class='ocrx_word' id='word_1_150' title='bbox 625 1486 731 1509; x_wconf 87' lang='lat' dir='ltr'>omnes</span> <span class='ocrx_word' id='word_1_151' title='bbox 750 1478 836 1510; x_wconf 88' lang='lat' dir='ltr'>dives</span> <span class='ocrx_word' id='word_1_152' title='bbox 977 1478 1156 1510; x_wconf 87' lang='lat' dir='ltr'>Tormentis</span> <span class='ocrx_word' id='word_1_153' title='bbox 1184 1479 1293 1511; x_wconf 89' lang='lat' dir='ltr'>mundi</span> <span class='ocrx_word' id='word_1_154' title='bbox 1324 1488 1386 1510; x_wconf 92' lang='lat' dir='ltr'>non</span> <span class='ocrx_word' id='word_1_155' title='bbox 1412 1479 1526 1519; x_wconf 88' lang='lat' dir='ltr'>exusti,</span> 
     </span>
     <span class='ocr_line' id='line_1_23' title="bbox 307 1523 1452 1565; baseline 0.002 -10"><span class='ocrx_word' id='word_1_156' title='bbox 307 1525 370 1555; x_wconf 90' lang='lat' dir='ltr'>Vos</span> <span class='ocrx_word' id='word_1_157' title='bbox 396 1524 510 1565; x_wconf 84' lang='lat' dir='ltr'>gaudio</span> <span class='ocrx_word' id='word_1_158' title='bbox 535 1523 746 1564; x_wconf 85' lang='lat' dir='ltr'>magnificavit</span> <span class='ocrx_word' id='word_1_159' title='bbox 980 1524 1028 1556; x_wconf 87' lang='lat' dir='ltr'>Sit</span> <span class='ocrx_word' id='word_1_160' title='bbox 1052 1524 1141 1556; x_wconf 88' lang='lat' dir='ltr'>vobis</span> <span class='ocrx_word' id='word_1_161' title='bbox 1166 1526 1268 1557; x_wconf 90' lang='lat' dir='ltr'>honor</span> <span class='ocrx_word' id='word_1_162' title='bbox 1292 1526 1452 1564; x_wconf 86' lang='lat' dir='ltr'>salutaris,</span> 
     </span>
    </p>

    <p class='ocr_par' dir='ltr' id='par_1_11' title="bbox 305 1570 1457 1612">
     <span class='ocr_line' id='line_1_24' title="bbox 305 1570 1457 1612; baseline 0.003 -11"><span class='ocrx_word' id='word_1_163' title='bbox 305 1570 349 1602; x_wconf 87' lang='lat' dir='ltr'>Et</span> <span class='ocrx_word' id='word_1_164' title='bbox 372 1570 472 1611; x_wconf 85' lang='lat' dir='ltr'>gloria</span> <span class='ocrx_word' id='word_1_165' title='bbox 495 1579 578 1602; x_wconf 89' lang='lat' dir='ltr'>nunc</span> <span class='ocrx_word' id='word_1_166' title='bbox 602 1570 792 1603; x_wconf 85' lang='lat' dir='ltr'>sublimavit.</span> <span class='ocrx_word' id='word_1_167' title='bbox 979 1571 1102 1603; x_wconf 86' lang='lat' dir='ltr'>Devota</span> <span class='ocrx_word' id='word_1_168' title='bbox 1126 1572 1194 1604; x_wconf 90' lang='lat' dir='ltr'>laus</span> <span class='ocrx_word' id='word_1_169' title='bbox 1220 1574 1252 1603; x_wconf 89' lang='lat' dir='ltr'>et</span> <span class='ocrx_word' id='word_1_170' title='bbox 1276 1573 1457 1612; x_wconf 81' lang='lat' dir='ltr'>singularis.</span> 
     </span>
    </p>

    <p class='ocr_par' dir='ltr' id='par_1_12' title="bbox 247 1626 1526 1802">
     <span class='ocr_line' id='line_1_25' title="bbox 247 1626 1526 1668; baseline 0.002 -11"><span class='ocrx_word' id='word_1_171' title='bbox 247 1626 278 1658; x_wconf 90' lang='lat'>2.</span> <span class='ocrx_word' id='word_1_172' title='bbox 306 1626 505 1665; x_wconf 85' lang='lat' dir='ltr'>Salvete,</span> <span class='ocrx_word' id='word_1_173' title='bbox 531 1627 631 1658; x_wconf 86' lang='lat' dir='ltr'>sancti</span> <span class='ocrx_word' id='word_1_174' title='bbox 656 1628 798 1667; x_wconf 86' lang='lat' dir='ltr'>virtuosi,</span> <span class='ocrx_word' id='word_1_175' title='bbox 922 1629 952 1659; x_wconf 85' lang='lat'>4.</span> <span class='ocrx_word' id='word_1_176' title='bbox 979 1628 1152 1668; x_wconf 84' lang='lat' dir='ltr'>Valete,</span> <span class='ocrx_word' id='word_1_177' title='bbox 1179 1637 1285 1660; x_wconf 87' lang='lat' dir='ltr'>omnes</span> <span class='ocrx_word' id='word_1_178' title='bbox 1311 1630 1418 1660; x_wconf 89' lang='lat' dir='ltr'>coetus</span> <span class='ocrx_word' id='word_1_179' title='bbox 1436 1628 1526 1667; x_wconf 87' lang='lat' dir='ltr'>caeli,</span> 
     </span>
     <span class='ocr_line' id='line_1_26' title="bbox 308 1672 1478 1717; baseline 0.003 -13"><span class='ocrx_word' id='word_1_180' title='bbox 308 1672 485 1711; x_wconf 86' lang='lat' dir='ltr'>Splendore</span> <span class='ocrx_word' id='word_1_181' title='bbox 508 1672 570 1705; x_wconf 88' lang='lat' dir='ltr'>Dei</span> <span class='ocrx_word' id='word_1_182' title='bbox 594 1674 738 1713; x_wconf 87' lang='lat' dir='ltr'>speciosi,</span> <span class='ocrx_word' id='word_1_183' title='bbox 979 1674 1043 1706; x_wconf 88' lang='lat' dir='ltr'>Vos</span> <span class='ocrx_word' id='word_1_184' title='bbox 1073 1674 1227 1714; x_wconf 88' lang='lat' dir='ltr'>deprecor</span> <span class='ocrx_word' id='word_1_185' title='bbox 1251 1678 1356 1707; x_wconf 83' lang='lat' dir='ltr'>mente</span> <span class='ocrx_word' id='word_1_186' title='bbox 1380 1674 1478 1717; x_wconf 85' lang='lat' dir='ltr'>fideli,</span> 
     </span>
     <span class='ocr_line' id='line_1_27' title="bbox 307 1719 1526 1762; baseline 0.004 -12"><span class='ocrx_word' id='word_1_187' title='bbox 307 1719 461 1751; x_wconf 86' lang='lat' dir='ltr'>Fruentes</span> <span class='ocrx_word' id='word_1_188' title='bbox 486 1728 568 1751; x_wconf 84' lang='lat' dir='ltr'>nunc</span> <span class='ocrx_word' id='word_1_189' title='bbox 591 1721 747 1752; x_wconf 82' lang='lat' dir='ltr'>suavitate</span> <span class='ocrx_word' id='word_1_190' title='bbox 978 1721 1136 1753; x_wconf 88' lang='lat' dir='ltr'>Virtutum</span> <span class='ocrx_word' id='word_1_191' title='bbox 1167 1722 1241 1754; x_wconf 87' lang='lat' dir='ltr'>date</span> <span class='ocrx_word' id='word_1_192' title='bbox 1265 1731 1348 1754; x_wconf 88' lang='lat' dir='ltr'>nunc</span> <span class='ocrx_word' id='word_1_193' title='bbox 1371 1725 1526 1762; x_wconf 87' lang='lat' dir='ltr'>ornatum,</span> 
     </span>
     <span class='ocr_line' id='line_1_28' title="bbox 309 1765 1526 1802; baseline 0.004 -6"><span class='ocrx_word' id='word_1_194' title='bbox 309 1765 454 1798; x_wconf 87' lang='lat' dir='ltr'>Stillante</span> <span class='ocrx_word' id='word_1_195' title='bbox 480 1766 519 1798; x_wconf 87' lang='lat' dir='ltr'>de</span> <span class='ocrx_word' id='word_1_196' title='bbox 544 1766 718 1801; x_wconf 82' lang='lat' dir='ltr'>divinitate.</span> <span class='ocrx_word' id='word_1_197' title='bbox 978 1769 1055 1800; x_wconf 86' lang='lat' dir='ltr'>Post</span> <span class='ocrx_word' id='word_1_198' title='bbox 1066 1768 1163 1801; x_wconf 84' lang='lat' dir='ltr'>vitam</span> <span class='ocrx_word' id='word_1_199' title='bbox 1177 1770 1293 1802; x_wconf 87' lang='lat' dir='ltr'>statum</span> <span class='ocrx_word' id='word_1_200' title='bbox 1305 1769 1526 1802; x_wconf 86' lang='lat' dir='ltr'>tuncbeatum.</span> 
     </span>
    </p>
   </div>
   <div class='ocr_carea' id='block_1_9' title="bbox 642 1822 1070 1910">
    <p class='ocr_par' dir='ltr' id='par_1_13' title="bbox 642 1822 1070 1910">
     <span class='ocr_line' id='line_1_29' title="bbox 642 1822 1062 1865; baseline 0.007 -11"><span class='ocrx_word' id='word_1_201' title='bbox 642 1822 666 1854; x_wconf 95' lang='grc' dir='ltr'>Ο</span> <span class='ocrx_word' id='word_1_202' title='bbox 693 1825 824 1865; x_wconf 85' lang='lat' dir='ltr'>creator,</span> <span class='ocrx_word' id='word_1_203' title='bbox 850 1832 961 1864; x_wconf 84' lang='lat' dir='ltr'>preces</span> <span class='ocrx_word' id='word_1_204' title='bbox 986 1825 1062 1857; x_wconf 87' lang='lat' dir='ltr'>audi</span> 
     </span>
     <span class='ocr_line' id='line_1_30' title="bbox 642 1869 1070 1910; baseline 0.002 -9"><span class='ocrx_word' id='word_1_205' title='bbox 642 1869 685 1901; x_wconf 88' lang='lat' dir='ltr'>Et</span> <span class='ocrx_word' id='word_1_206' title='bbox 708 1879 767 1910; x_wconf 82' lang='lat' dir='ltr'>per</span> <span class='ocrx_word' id='word_1_207' title='bbox 792 1879 844 1903; x_wconf 91' lang='lat' dir='ltr'>eos</span> <span class='ocrx_word' id='word_1_208' title='bbox 868 1880 925 1903; x_wconf 85' lang='lat' dir='ltr'>nos</span> <span class='ocrx_word' id='word_1_209' title='bbox 947 1871 1070 1904; x_wconf 84' lang='lat' dir='ltr'>exaudi.</span> 
     </span>
    </p>
   </div>
   <div class='ocr_carea' id='block_1_10' title="bbox 235 2000 1528 2090">
    <p class='ocr_par' dir='ltr' id='par_1_14' title="bbox 235 2000 1528 2090">
     <span class='ocr_line' id='line_1_31' title="bbox 235 2000 1528 2043; baseline 0.005 -12"><span class='ocrx_word' id='word_1_210' title='bbox 235 2000 476 2040; x_wconf 82' lang='lat' dir='ltr'>Sequuntur</span> <span class='ocrx_word' id='word_1_211' title='bbox 507 2001 727 2034; x_wconf 77' lang='lat' dir='ltr'>orationes</span> <span class='ocrx_word' id='word_1_212' title='bbox 760 2001 1009 2043; x_wconf 83' lang='lat' dir='ltr'>rigmaticae</span> <span class='ocrx_word' id='word_1_213' title='bbox 1042 2004 1091 2036; x_wconf 87' lang='lat' dir='ltr'>ad</span> <span class='ocrx_word' id='word_1_214' title='bbox 1126 2005 1322 2038; x_wconf 80' lang='lat' dir='ltr'>diversos</span> <span class='ocrx_word' id='word_1_215' title='bbox 1356 2010 1528 2038; x_wconf 80' lang='lat' dir='ltr'>sanctos</span> 
     </span>
     <span class='ocr_line' id='line_1_32' title="bbox 747 2053 1010 2090; baseline 0.011 -10"><span class='ocrx_word' id='word_1_216' title='bbox 747 2053 1010 2090; x_wconf 82' lang='lat' dir='ltr'>sanctasque.</span> 
     </span>
    </p>
   </div>
   <div class='ocr_carea' id='block_1_11' title="bbox 507 2151 1252 2194">
    <p class='ocr_par' dir='ltr' id='par_1_15' title="bbox 507 2151 1252 2194">
     <span class='ocr_line' id='line_1_33' title="bbox 507 2151 1252 2194; baseline 0.007 -13"><span class='ocrx_word' id='word_1_217' title='bbox 507 2151 550 2182; x_wconf 90' lang='grc'>41.</span> <span class='ocrx_word' id='word_1_218' title='bbox 583 2152 624 2182; x_wconf 83' lang='lat' dir='ltr'>De</span> <span class='ocrx_word' id='word_1_219' title='bbox 644 2152 737 2183; x_wconf 72' lang='lat' dir='ltr'>beata</span> <span class='ocrx_word' id='word_1_220' title='bbox 756 2153 855 2185; x_wconf 74' lang='lat' dir='ltr'>Maria</span> <span class='ocrx_word' id='word_1_221' title='bbox 874 2153 997 2193; x_wconf 78' lang='lat' dir='ltr'>virgine</span> <span class='ocrx_word' id='word_1_222' title='bbox 1019 2154 1120 2186; x_wconf 79' lang='lat' dir='ltr'>oratio</span> <span class='ocrx_word' id='word_1_223' title='bbox 1141 2155 1252 2194; x_wconf 79' lang='lat' dir='ltr'>prima.</span> 
     </span>
    </p>
   </div>
   <div class='ocr_carea' id='block_1_12' title="bbox 250 2229 1470 2417">
    <p class='ocr_par' dir='ltr' id='par_1_16' title="bbox 250 2229 1470 2417">
     <span class='ocr_line' id='line_1_34' title="bbox 250 2229 1470 2283; baseline 0.008 -22"><span class='ocrx_word' id='word_1_224' title='bbox 250 2229 280 2261; x_wconf 91' lang='lat'>1.</span> <span class='ocrx_word' id='word_1_225' title='bbox 306 2230 409 2267; x_wconf 87' lang='lat' dir='ltr'>Ave,</span> <span class='ocrx_word' id='word_1_226' title='bbox 435 2229 523 2269; x_wconf 86' lang='lat' dir='ltr'>virgo</span> <span class='ocrx_word' id='word_1_227' title='bbox 548 2233 582 2261; x_wconf 91' lang='lat' dir='ltr'>tu</span> <span class='ocrx_word' id='word_1_228' title='bbox 606 2230 720 2273; x_wconf 85' lang='lat' dir='ltr'>Maria,</span> <span class='ocrx_word' id='word_1_229' title='bbox 926 2235 956 2268; x_wconf 87' lang='lat'>2.</span> <span class='ocrx_word' id='word_1_230' title='bbox 984 2233 1126 2276; x_wconf 89' lang='lat' dir='ltr'>Salve,</span> <span class='ocrx_word' id='word_1_231' title='bbox 1153 2235 1305 2275; x_wconf 90' lang='lat' dir='ltr'>templum</span> <span class='ocrx_word' id='word_1_232' title='bbox 1333 2237 1470 2283; x_wconf 89' lang='lat' dir='ltr'>deitatis,</span> 
     </span>
     <span class='ocr_line' id='line_1_35' title="bbox 309 2275 1461 2327; baseline 0.009 -19"><span class='ocrx_word' id='word_1_233' title='bbox 309 2275 395 2308; x_wconf 87' lang='lat' dir='ltr'>Caeli</span> <span class='ocrx_word' id='word_1_234' title='bbox 418 2276 501 2316; x_wconf 88' lang='lat' dir='ltr'>regis</span> <span class='ocrx_word' id='word_1_235' title='bbox 525 2279 626 2308; x_wconf 85' lang='lat' dir='ltr'>mater</span> <span class='ocrx_word' id='word_1_236' title='bbox 648 2278 711 2317; x_wconf 86' lang='lat' dir='ltr'>pia,</span> <span class='ocrx_word' id='word_1_237' title='bbox 977 2280 1087 2312; x_wconf 89' lang='lat' dir='ltr'>Honor</span> <span class='ocrx_word' id='word_1_238' title='bbox 1112 2290 1251 2313; x_wconf 87' lang='lat' dir='ltr'>summae</span> <span class='ocrx_word' id='word_1_239' title='bbox 1275 2284 1461 2327; x_wconf 82' lang='lat' dir='ltr'>maiestatis,</span> 
     </span>
     <span class='ocr_line' id='line_1_36' title="bbox 306 2323 1398 2372; baseline 0.009 -19"><span class='ocrx_word' id='word_1_240' title='bbox 306 2323 352 2354; x_wconf 89' lang='lat' dir='ltr'>Te</span> <span class='ocrx_word' id='word_1_241' title='bbox 375 2323 509 2355; x_wconf 89' lang='lat' dir='ltr'>honorat</span> <span class='ocrx_word' id='word_1_242' title='bbox 524 2324 681 2357; x_wconf 85' lang='lat' dir='ltr'>ierarchia</span> <span class='ocrx_word' id='word_1_243' title='bbox 977 2327 1146 2367; x_wconf 82' lang='lat' dir='ltr'>Speculum</span> <span class='ocrx_word' id='word_1_244' title='bbox 1172 2337 1204 2360; x_wconf 92' lang='lat' dir='ltr'>es</span> <span class='ocrx_word' id='word_1_245' title='bbox 1231 2330 1398 2372; x_wconf 81' lang='lat' dir='ltr'>claritatis,</span> 
     </span>
     <span class='ocr_line' id='line_1_37' title="bbox 304 2370 1401 2417; baseline 0.009 -16"><span class='ocrx_word' id='word_1_246' title='bbox 304 2370 452 2402; x_wconf 87' lang='lat' dir='ltr'>Inaudita</span> <span class='ocrx_word' id='word_1_247' title='bbox 475 2370 648 2405; x_wconf 87' lang='lat' dir='ltr'>harmonia.</span> <span class='ocrx_word' id='word_1_248' title='bbox 977 2375 1015 2407; x_wconf 88' lang='lat' dir='ltr'>In</span> <span class='ocrx_word' id='word_1_249' title='bbox 1040 2384 1100 2414; x_wconf 89' lang='lat' dir='ltr'>quo</span> <span class='ocrx_word' id='word_1_250' title='bbox 1125 2376 1172 2408; x_wconf 92' lang='lat' dir='ltr'>nil</span> <span class='ocrx_word' id='word_1_251' title='bbox 1195 2376 1401 2417; x_wconf 84' lang='lat' dir='ltr'>impuritatis.</span> 
     </span>
    </p>
   </div>
  </div>
 </body>
</html>
