1655 2573
637 115 893 151 -129—

150 210 182 243 9.
209 208 313 251 Salve,
340 209 424 242 oliva
449 212 577 249 renatis,
807 212 861 246 12.
890 216 987 252 Quem
1006 212 1156 244 cernebas
1170 214 1245 243 tunc
1257 221 1411 252 praesen-

210 255 273 288 Sed
300 257 330 288 et
354 257 472 290 mundo
494 259 619 291 stillans
636 259 734 300 gratis
1244 264 1306 291 tem

209 303 280 335 Hoc
307 303 411 335 oleum
435 304 577 338 laetitiae
889 306 965 339 Cum
991 306 1109 338 sanctis
1135 306 1199 338 suis
1226 307 1410 337 clementem

209 350 259 381 De
287 359 369 383 vena
393 350 490 383 fontis
516 353 647 392 gratiae.
886 353 924 385 In
950 353 1058 385 divina
1077 354 1242 385 maiestate

885 400 1006 440 Magna
1028 400 1109 432 lueis
1136 400 1291 433 claritate.

807 457 861 489 13.
888 458 925 489 In
950 466 1011 496 qua
1034 457 1105 488 luce
1129 456 1294 488 tradidisti

890 503 1043 543 Spiritum
1065 503 1099 534 in
1122 512 1232 535 manus
1258 502 1384 542 Christi,

888 550 942 582 Sic
965 551 1103 590 migrans
1127 559 1185 590 per
1209 550 1394 588 martyrium

887 597 941 628 Ad
965 599 1189 637 praeparatum
1213 596 1371 636 gaudium.

129 431 182 463 10.
210 429 313 473 Salve,
351 431 463 464 doctor
487 432 641 471 veritatis,

211 478 274 510 Per
298 478 446 510 virtutem
474 479 629 511 castitatis

208 525 331 557 Multos
356 526 482 558 Christo
507 526 645 563 sociasti,

210 572 309 611 Quam
334 572 367 603 in
394 581 489 604 carne
515 572 719 604 conservasti.

131 652 184 685 11.
211 652 236 684 Ο
262 654 385 684 amator
410 652 512 683 crucis
539 651 664 689 Christi,
810 653 864 686 14.
891 654 967 685 Post
992 661 1138 685 occasum
1161 652 1254 685 huius
1278 653 1359 684 lucis

211 699 250 730 In
275 707 337 739 qua
361 698 429 730 Deo
452 698 596 729 obtulisti
889 698 989 730 Nobis
1011 698 1147 730 fructum
1164 703 1292 731 sanctae
1309 703 1412 731 crucis¹

210 745 333 785 Corpus
357 748 444 777 tuum
468 747 533 776 tam
558 745 684 777 beatum
890 746 967 778 Cum
992 746 1093 778 beatis
1119 746 1302 785 propinare,

210 793 348 832 Propter
365 793 527 825 Christum
539 791 600 824 Dei
618 796 735 824 natum.
888 792 1020 825 Andrea
1044 796 1161 831 sancte,
1190 792 1306 824 Christi
1329 801 1412 825 carc.

193 857 272 885 Orat.
294 865 346 884 ms.
369 857 551 884 Carthusian.
573 864 649 884 saec.
671 854 714 884 10.
755 856 825 885 Cod.
848 857 941 893 Capit.
961 858 1109 885 Treviren.
1132 854 1194 884 116.

558 938 623 969 252.
653 937 696 970 De
717 940 822 970 sancto
841 938 975 970 Andrea.

130 1004 160 1037 i.
187 1005 212 1037 O
238 1004 370 1036 Andrea
393 1004 539 1046 gloriose,
807 1005 838 1036 3.
866 1004 927 1036 Per
951 1004 1090 1043 Aegeam
1116 1003 1293 1042 vapulatus,

187 1052 286 1091 Quam
311 1051 395 1082 iuste
420 1054 450 1082 et
475 1051 615 1083 virtuose
865 1050 1008 1092 spretus,
1036 1049 1104 1082 dire
1128 1051 1330 1088 adgravatus,

233 1099 271 1130 In
296 1098 413 1129 mundo
437 1096 582 1136 floruisti,
911 1097 1052 1129 Tandem
1078 1097 1304 1135 incarceratus,

185 1145 378 1177 Miserorum
404 1144 505 1177 dulcis
530 1146 632 1185 pater,
866 1144 942 1176 Cum
967 1144 1085 1176 virtute
1109 1145 1238 1175 sanctae
1264 1143 1364 1174 crucis

187 1192 276 1225 Petri
300 1192 492 1224 sanctissimi
517 1191 628 1231 frater,
863 1191 908 1222 Et
931 1193 1060 1223 auctore
1084 1198 1222 1222 summae
1246 1189 1326 1221 lucis

236 1238 407 1271 Confessor
430 1239 504 1271 Iesu
529 1238 658 1271 Christi.
911 1238 1076 1278 Condigne
1099 1237 1307 1277 adprobatus,

128 1298 159 1329 2.
185 1297 248 1329 Pro
274 1296 361 1327 cuius
388 1296 482 1335 digno
505 1303 612 1327 amore
806 1296 836 1328 4.
863 1294 996 1326 Demum
1015 1296 1127 1334 sponte
1143 1295 1275 1324 mortem
1292 1294 1413 1324 trucem

187 1341 394 1376 Confortante
420 1342 499 1374 caeli
523 1350 596 1374 rore
864 1341 927 1373 Per
960 1343 1100 1380 optatam
1127 1341 1253 1380 dignam
1287 1348 1412 1371 crucem

233 1389 312 1421 Tam
337 1399 451 1429 magna
476 1389 642 1429 sustulisti,
912 1388 1025 1420 Tulisti
1051 1387 1084 1419 in
1109 1386 1235 1419 fervore

187 1438 304 1470 Sancta
328 1436 395 1468 vita
419 1439 451 1468 et
477 1435 621 1468 doctrina
863 1436 936 1467 Iesu
962 1434 1082 1467 Christi
1107 1434 1260 1466 caritatis

189 1485 291 1517 Saevo
315 1484 407 1516 hoste
432 1485 464 1515 et
486 1484 580 1515 ruina
865 1482 891 1515 Ο
916 1482 988 1513 fons
1015 1481 1117 1514 dulcis
1141 1480 1305 1520 bonitatis,

237 1530 391 1563 Achaiam
418 1531 575 1564 direxisti.
913 1528 980 1561 Nos
1005 1527 1096 1560 firma
1118 1529 1151 1560 in
1177 1528 1293 1559 ardore

470 1588 501 1620 5.
528 1586 615 1627 Ignis
640 1589 769 1619 sanctae
792 1586 956 1625 trinitatis,

528 1634 575 1667 Ut
598 1633 681 1666 hanc
705 1634 788 1666 viam
812 1634 944 1665 unitatis

575 1681 653 1713 Cum
677 1681 774 1713 salvis
799 1681 1023 1720 relinquentes,

525 1730 580 1773 Ut,
608 1730 692 1768 quod
712 1728 840 1768 iustum,
868 1736 1096 1767 consequamur

526 1777 571 1809 Et
595 1776 703 1808 divina
727 1776 978 1815 contemplamur

575 1823 652 1856 Cum
680 1823 783 1863 dignis
810 1822 1054 1863 congaudentes.

189 1892 268 1920 Orat.
292 1899 346 1918 ms.
368 1890 552 1917 Carthusian.
574 1896 649 1916 saec.
674 1887 717 1917 15.
758 1888 827 1917 Cod.
849 1888 943 1924 Capit¹
963 1888 1113 1914 Treviren.
1140 1884 1202 1914 116.
1223 1886 1257 1913 A.
1337 1885 1416 1913 Orat.

112 1938 165 1957 ms.
182 1937 257 1957 saec.
274 1927 318 1956 15.
340 1928 410 1955 Cod.
425 1927 680 1962 Guelfenbyteran.
698 1923 771 1954 1433
783 1926 918 1962 (Helmst.
935 1922 1023 1959 1320).
1041 1926 1072 1953 B.
1085 1939 1124 1943 —
1144 1922 1170 1957 2,
1188 1924 1204 1950 ὅ
1218 1926 1320 1951 rexnti
1333 1924 1366 1950 A.
1381 1939 1418 1943 —

114 1965 146 2033 {ag
149 1966 188 2033 1¹4&
190 1966 397 2040 ssrtgjessnsss}
399 1980 450 2030 ¹—
471 1963 497 1999 3,
519 1964 536 1993 5
555 1965 598 1993 Et
616 1967 766 1993 auctorem
784 1966 810 1993 A
830 1965 854 1992 B
873 1964 979 2000 (bieibt
998 1963 1072 1990 auch
1094 1971 1126 1989 so
1147 1961 1273 1995 dunkel,
1294 1963 1348 1989 wie
1369 1963 1416 1989 be-

548 2071 613 2104 253.
643 2073 686 2103 Dc
706 2071 825 2112 Angelo
847 2069 984 2102 Custode.

129 2142 157 2174 l.
186 2140 290 2181 Salve,
316 2139 408 2172 miles
431 2139 492 2172 Dei
518 2147 599 2180 care,
809 2140 839 2171 2.
866 2137 915 2168 Tu
944 2136 1050 2167 lumen
1075 2135 1275 2175 humilitatis,

186 2188 245 2229 Qui
269 2197 332 2220 non
357 2196 462 2220 cessas
488 2187 627 2219 militare
867 2184 916 2217 Tu
942 2183 1120 2223 exemplum
1145 2182 1287 2214 caritatis

233 2235 316 2270 Mihi
340 2235 424 2267 male
447 2234 572 2274 merito,
916 2231 1046 2265 Cunctis
1068 2230 1203 2269 praebes
1228 2230 1362 2270 miseris,

184 2284 317 2323 Semper
340 2283 430 2315 vides
455 2283 577 2315 vultum
601 2283 673 2323 Dei,
869 2279 947 2312 Cum
970 2278 1013 2310 sis
1039 2280 1123 2310 totus
1149 2278 1314 2318 gloriosus,

185 2331 285 2364 Simul
312 2333 417 2363 custos
444 2339 476 2363 es
501 2334 538 2362 tn
560 2330 624 2362 mei
868 2328 968 2359 Totus
994 2335 1051 2366 ego
1075 2326 1136 2356 sim
1161 2333 1323 2363 caenosus,

234 2379 309 2412 Solo
335 2378 546 2419 beneplacito.
917 2373 989 2406 Non
1013 2382 1064 2405 me
1088 2375 1192 2405 tamen
1221 2371 1349 2406 deseris.

166 2439 247 2462 mum
256 2444 281 2465 e.
297 2438 339 2461 Pia
353 2437 495 2461 Dictamina.
1232 2426 1249 2455 9
