<?xml version="1.0" encoding="UTF-8"?>
<!DOCTYPE html PUBLIC "-//W3C//DTD XHTML 1.0 Transitional//EN"
    "http://www.w3.org/TR/xhtml1/DTD/xhtml1-transitional.dtd">
<html xmlns="http://www.w3.org/1999/xhtml" xml:lang="en" lang="en">
 <head>
  <title>
</title>
<meta http-equiv="Content-Type" content="text/html;charset=utf-8" />
  <meta name='ocr-system' content='tesseract 3.04.00' />
  <meta name='ocr-capabilities' content='ocr_page ocr_carea ocr_par ocr_line ocrx_word'/>
</head>
<body>
  <div class='ocr_page' id='page_1' title='image "./analectahymnica29drevuoft_00053.png"; bbox 0 0 1655 2573; ppageno 0'>
   <div class='ocr_carea' id='block_1_1' title="bbox 749 121 980 158">
    <p class='ocr_par' dir='ltr' id='par_1_1' title="bbox 749 121 980 158">
     <span class='ocr_line' id='line_1_1' title="bbox 749 121 980 158; baseline -0.017 -8"><span class='ocrx_word' id='word_1_1' title='bbox 749 121 980 158; x_wconf 69' lang='grc'>..50-</span> 
     </span>
    </p>
   </div>
   <div class='ocr_carea' id='block_1_2' title="bbox 232 215 1436 263">
    <p class='ocr_par' dir='ltr' id='par_1_2' title="bbox 232 215 1436 263">
     <span class='ocr_line' id='line_1_2' title="bbox 232 215 1436 263; baseline -0.009 -8"><span class='ocrx_word' id='word_1_2' title='bbox 232 223 261 255; x_wconf 84' lang='grc'><strong>3.</strong></span> <span class='ocrx_word' id='word_1_3' title='bbox 287 221 365 263; x_wconf 86' lang='lat' dir='ltr'><strong>Ave,</strong></span> <span class='ocrx_word' id='word_1_4' title='bbox 391 222 501 253; x_wconf 88' lang='lat' dir='ltr'><strong>nostra</strong></span> <span class='ocrx_word' id='word_1_5' title='bbox 525 218 729 261; x_wconf 79' lang='lat' dir='ltr'><strong>defensatrix,</strong></span> <span class='ocrx_word' id='word_1_6' title='bbox 915 220 945 252; x_wconf 90' lang='lat'><strong>6.</strong></span> <span class='ocrx_word' id='word_1_7' title='bbox 974 217 1094 257; x_wconf 85' lang='lat' dir='ltr'><strong>Gaude,</strong></span> <span class='ocrx_word' id='word_1_8' title='bbox 1121 225 1139 248; x_wconf 94' lang='lat' dir='ltr'><strong>o</strong></span> <span class='ocrx_word' id='word_1_9' title='bbox 1164 215 1302 256; x_wconf 82' lang='lat' dir='ltr'><strong>Birgitta</strong></span> <span class='ocrx_word' id='word_1_10' title='bbox 1325 215 1436 254; x_wconf 84' lang='lat' dir='ltr'><strong>mater,</strong></span> 
     </span>
    </p>
   </div>
   <div class='ocr_carea' id='block_1_3' title="bbox 234 262 1522 1109">
    <p class='ocr_par' dir='ltr' id='par_1_3' title="bbox 293 262 1459 445">
     <span class='ocr_line' id='line_1_3' title="bbox 296 262 1435 307; baseline -0.007 -8"><span class='ocrx_word' id='word_1_11' title='bbox 296 266 404 299; x_wconf 85' lang='lat' dir='ltr'><strong>Novae</strong></span> <span class='ocrx_word' id='word_1_12' title='bbox 428 267 506 307; x_wconf 84' lang='lat' dir='ltr'><strong>legis</strong></span> <span class='ocrx_word' id='word_1_13' title='bbox 531 267 715 304; x_wconf 77' lang='lat' dir='ltr'><strong>nuntiatrix,</strong></span> <span class='ocrx_word' id='word_1_14' title='bbox 971 264 1087 297; x_wconf 85' lang='lat' dir='ltr'><strong>Sancta</strong></span> <span class='ocrx_word' id='word_1_15' title='bbox 1111 267 1169 304; x_wconf 79' lang='lat' dir='ltr'><strong>ter,</strong></span> <span class='ocrx_word' id='word_1_16' title='bbox 1195 263 1289 296; x_wconf 82' lang='lat' dir='ltr'><strong>beata</strong></span> <span class='ocrx_word' id='word_1_17' title='bbox 1313 262 1435 302; x_wconf 87' lang='lat' dir='ltr'><strong>quater,</strong></span> 
     </span>
     <span class='ocr_line' id='line_1_4' title="bbox 341 307 1388 353; baseline -0.006 -8"><span class='ocrx_word' id='word_1_18' title='bbox 341 313 463 347; x_wconf 83' lang='lat' dir='ltr'><strong>Novam</strong></span> <span class='ocrx_word' id='word_1_19' title='bbox 487 314 601 345; x_wconf 88' lang='lat' dir='ltr'><strong>docens</strong></span> <span class='ocrx_word' id='word_1_20' title='bbox 624 315 773 353; x_wconf 79' lang='lat' dir='ltr'><strong>regulam,</strong></span> <span class='ocrx_word' id='word_1_21' title='bbox 1015 310 1140 343; x_wconf 80' lang='lat' dir='ltr'>Memor</span> <span class='ocrx_word' id='word_1_22' title='bbox 1165 312 1231 342; x_wconf 88' lang='lat' dir='ltr'><strong>esto</strong></span> <span class='ocrx_word' id='word_1_23' title='bbox 1253 307 1388 347; x_wconf 83' lang='lat' dir='ltr'><strong>miseriS,</strong></span> 
     </span>
     <span class='ocr_line' id='line_1_5' title="bbox 293 355 1459 396; baseline -0.006 -4"><span class='ocrx_word' id='word_1_24' title='bbox 293 360 433 393; x_wconf 86' lang='lat' dir='ltr'><strong>Firmum</strong></span> <span class='ocrx_word' id='word_1_25' title='bbox 455 360 576 392; x_wconf 88' lang='lat' dir='ltr'><strong>habens</strong></span> <span class='ocrx_word' id='word_1_26' title='bbox 594 360 840 396; x_wconf 80' lang='lat' dir='ltr'><strong>fundamentum,</strong></span> <span class='ocrx_word' id='word_1_27' title='bbox 967 358 1031 390; x_wconf 80' lang='lat' dir='ltr'><strong>Vas</strong></span> <span class='ocrx_word' id='word_1_28' title='bbox 1056 358 1218 392; x_wconf 82' lang='lat' dir='ltr'><strong>virtutum.</strong></span> <span class='ocrx_word' id='word_1_29' title='bbox 1245 356 1324 388; x_wconf 91' lang='lat' dir='ltr'><strong>odor</strong></span> <span class='ocrx_word' id='word_1_30' title='bbox 1347 355 1459 392; x_wconf 84' lang='lat' dir='ltr'><strong>bonus,</strong></span> 
     </span>
     <span class='ocr_line' id='line_1_6' title="bbox 293 404 1459 445; baseline -0.006 -6"><span class='ocrx_word' id='word_1_31' title='bbox 293 407 409 440; x_wconf 88' lang='lat' dir='ltr'><strong>Sanum</strong></span> <span class='ocrx_word' id='word_1_32' title='bbox 434 407 546 439; x_wconf 87' lang='lat' dir='ltr'><strong>mentis</strong></span> <span class='ocrx_word' id='word_1_33' title='bbox 574 407 803 445; x_wconf 75' lang='lat' dir='ltr'>documentum,</span> <span class='ocrx_word' id='word_1_34' title='bbox 971 406 1044 437; x_wconf 89' lang='lat' dir='ltr'><strong>Iesu</strong></span> <span class='ocrx_word' id='word_1_35' title='bbox 1070 404 1188 437; x_wconf 81' lang='lat' dir='ltr'><strong>Christi</strong></span> <span class='ocrx_word' id='word_1_36' title='bbox 1213 404 1325 436; x_wconf 85' lang='lat' dir='ltr'><strong>dextra</strong></span> <span class='ocrx_word' id='word_1_37' title='bbox 1348 410 1459 433; x_wconf 82' lang='lat' dir='ltr'><strong>manus</strong></span> 
     </span>
    </p>

    <p class='ocr_par' dir='ltr' id='par_1_4' title="bbox 234 447 1522 1109">
     <span class='ocr_line' id='line_1_7' title="bbox 341 447 1433 493; baseline -0.005 -7"><span class='ocrx_word' id='word_1_38' title='bbox 341 454 465 487; x_wconf 81' lang='lat' dir='ltr'><strong>Claram</strong></span> <span class='ocrx_word' id='word_1_39' title='bbox 490 462 600 493; x_wconf 86' lang='lat' dir='ltr'><strong>gerens</strong></span> <span class='ocrx_word' id='word_1_40' title='bbox 627 452 803 486; x_wconf 85' lang='lat' dir='ltr'><strong>formulam.</strong></span> <span class='ocrx_word' id='word_1_41' title='bbox 1016 451 1154 484; x_wconf 71' lang='lat' dir='ltr'><strong>Mandat</strong></span> <span class='ocrx_word' id='word_1_42' title='bbox 1175 451 1261 483; x_wconf 83' lang='lat' dir='ltr'><strong>intus</strong></span> <span class='ocrx_word' id='word_1_43' title='bbox 1289 453 1321 481; x_wconf 89' lang='lat' dir='ltr'><strong>et</strong></span> <span class='ocrx_word' id='word_1_44' title='bbox 1343 447 1433 481; x_wconf 75' lang='lat' dir='ltr'><strong>foris.</strong></span> 
     </span>
     <span class='ocr_line' id='line_1_8' title="bbox 234 525 1367 568; baseline -0.004 -7"><span class='ocrx_word' id='word_1_45' title='bbox 234 530 265 562; x_wconf 80' lang='lat'><strong>4.</strong></span> <span class='ocrx_word' id='word_1_46' title='bbox 294 528 404 561; x_wconf 84' lang='lat' dir='ltr'>Gaude</span> <span class='ocrx_word' id='word_1_47' title='bbox 428 536 550 568; x_wconf 88' lang='lat' dir='ltr'><strong>quoque</strong></span> <span class='ocrx_word' id='word_1_48' title='bbox 574 531 617 568; x_wconf 82' lang='lat' dir='ltr'><strong>tu,</strong></span> <span class='ocrx_word' id='word_1_49' title='bbox 643 527 788 568; x_wconf 71' lang='lat' dir='ltr'><strong>Birgitta.</strong></span> <span class='ocrx_word' id='word_1_50' title='bbox 913 530 941 561; x_wconf 84' lang='lat'><strong>7.</strong></span> <span class='ocrx_word' id='word_1_51' title='bbox 967 529 1047 566; x_wconf 86' lang='lat' dir='ltr'><strong>Ave,</strong></span> <span class='ocrx_word' id='word_1_52' title='bbox 1074 535 1190 566; x_wconf 87' lang='lat' dir='ltr'><strong>sponsa</strong></span> <span class='ocrx_word' id='word_1_53' title='bbox 1215 525 1367 559; x_wconf 53' lang='lat' dir='ltr'><strong>caritatis</strong></span> 
     </span>
     <span class='ocr_line' id='line_1_9' title="bbox 292 571 1375 614; baseline -0.006 -7"><span class='ocrx_word' id='word_1_54' title='bbox 292 575 353 607; x_wconf 89' lang='lat' dir='ltr'><strong>Dei</strong></span> <span class='ocrx_word' id='word_1_55' title='bbox 377 583 492 614; x_wconf 87' lang='lat' dir='ltr'><strong>sponsa</strong></span> <span class='ocrx_word' id='word_1_56' title='bbox 512 582 586 606; x_wconf 84' lang='lat' dir='ltr'><strong>vere</strong></span> <span class='ocrx_word' id='word_1_57' title='bbox 611 575 706 611; x_wconf 77' lang='lat' dir='ltr'><strong>diota,</strong></span> <span class='ocrx_word' id='word_1_58' title='bbox 969 574 1089 606; x_wconf 87' lang='lat' dir='ltr'><strong>Lumen</strong></span> <span class='ocrx_word' id='word_1_59' title='bbox 1115 571 1223 606; x_wconf 86' lang='lat' dir='ltr'><strong>confer</strong></span> <span class='ocrx_word' id='word_1_60' title='bbox 1250 571 1375 604; x_wconf 80' lang='lat' dir='ltr'><strong>deitatis</strong></span> 
     </span>
     <span class='ocr_line' id='line_1_10' title="bbox 339 617 1475 661; baseline -0.004 -8"><span class='ocrx_word' id='word_1_61' title='bbox 339 621 480 653; x_wconf 84' lang='lat' dir='ltr'><strong>Narrans</strong></span> <span class='ocrx_word' id='word_1_62' title='bbox 504 621 671 661; x_wconf 87' lang='lat' dir='ltr'><strong>mirabilia,</strong></span> <span class='ocrx_word' id='word_1_63' title='bbox 1013 620 1112 653; x_wconf 86' lang='lat' dir='ltr'><strong>Nobis</strong></span> <span class='ocrx_word' id='word_1_64' title='bbox 1138 622 1211 660; x_wconf 86' lang='lat' dir='ltr'><strong>post</strong></span> <span class='ocrx_word' id='word_1_65' title='bbox 1235 620 1295 651; x_wconf 86' lang='lat' dir='ltr'><strong>hoc</strong></span> <span class='ocrx_word' id='word_1_66' title='bbox 1319 617 1475 654; x_wconf 78' lang='lat' dir='ltr'><strong>exsilium,</strong></span> 
     </span>
     <span class='ocr_line' id='line_1_11' title="bbox 292 666 1458 709; baseline -0.003 -10"><span class='ocrx_word' id='word_1_67' title='bbox 292 668 399 709; x_wconf 86' lang='lat' dir='ltr'><strong>Bonis,</strong></span> <span class='ocrx_word' id='word_1_68' title='bbox 424 667 515 699; x_wconf 87' lang='lat' dir='ltr'><strong>malis</strong></span> <span class='ocrx_word' id='word_1_69' title='bbox 540 667 741 700; x_wconf 81' lang='lat' dir='ltr'><strong>consolatrix.</strong></span> <span class='ocrx_word' id='word_1_70' title='bbox 971 668 1058 699; x_wconf 85' lang='lat' dir='ltr'><strong>Deus</strong></span> <span class='ocrx_word' id='word_1_71' title='bbox 1083 670 1176 706; x_wconf 85' lang='lat' dir='ltr'><strong>pater</strong></span> <span class='ocrx_word' id='word_1_72' title='bbox 1199 666 1282 698; x_wconf 88' lang='lat' dir='ltr'><strong>illud</strong></span> <span class='ocrx_word' id='word_1_73' title='bbox 1306 666 1458 705; x_wconf 77' lang='lat' dir='ltr'><strong>praestet,</strong></span> 
     </span>
     <span class='ocr_line' id='line_1_12' title="bbox 294 710 1522 753; baseline -0.005 -6"><span class='ocrx_word' id='word_1_74' title='bbox 294 715 412 747; x_wconf 77' lang='lat' dir='ltr'>Contra</span> <span class='ocrx_word' id='word_1_75' title='bbox 434 723 548 753; x_wconf 88' lang='lat' dir='ltr'><strong>pravos</strong></span> <span class='ocrx_word' id='word_1_76' title='bbox 574 714 781 747; x_wconf 88' lang='lat' dir='ltr'><strong>contionatrix</strong></span> <span class='ocrx_word' id='word_1_77' title='bbox 968 713 1094 753; x_wconf 85' lang='lat' dir='ltr'><strong>Duplex</strong></span> <span class='ocrx_word' id='word_1_78' title='bbox 1124 722 1209 745; x_wconf 89' lang='lat' dir='ltr'><strong>mors</strong></span> <span class='ocrx_word' id='word_1_79' title='bbox 1234 721 1274 744; x_wconf 91' lang='lat' dir='ltr'><strong>ne</strong></span> <span class='ocrx_word' id='word_1_80' title='bbox 1298 720 1355 744; x_wconf 86' lang='lat' dir='ltr'><strong>nos</strong></span> <span class='ocrx_word' id='word_1_81' title='bbox 1380 710 1522 750; x_wconf 83' lang='lat' dir='ltr'><strong>infestet,</strong></span> 
     </span>
     <span class='ocr_line' id='line_1_13' title="bbox 341 758 1418 794; baseline -0.001 -1"><span class='ocrx_word' id='word_1_82' title='bbox 341 761 515 793; x_wconf 79' lang='lat' dir='ltr'><strong>Ostendens</strong></span> <span class='ocrx_word' id='word_1_83' title='bbox 539 761 704 794; x_wconf 85' lang='lat' dir='ltr'><strong>terribilia.</strong></span> <span class='ocrx_word' id='word_1_84' title='bbox 1016 761 1059 791; x_wconf 81' lang='lat' dir='ltr'><strong>Et</strong></span> <span class='ocrx_word' id='word_1_85' title='bbox 1083 760 1148 791; x_wconf 77' lang='lat' dir='ltr'><strong>vita</strong></span> <span class='ocrx_word' id='word_1_86' title='bbox 1172 762 1220 791; x_wconf 89' lang='lat' dir='ltr'><strong>est</strong></span> <span class='ocrx_word' id='word_1_87' title='bbox 1244 758 1418 792; x_wconf 83' lang='lat' dir='ltr'><strong>humilium.</strong></span> 
     </span>
     <span class='ocr_line' id='line_1_14' title="bbox 238 834 1339 876; baseline -0.002 -9"><span class='ocrx_word' id='word_1_88' title='bbox 238 837 267 868; x_wconf 89' lang='lat'><strong>5.</strong></span> <span class='ocrx_word' id='word_1_89' title='bbox 293 836 373 876; x_wconf 90' lang='lat' dir='ltr'><strong>Ave,</strong></span> <span class='ocrx_word' id='word_1_90' title='bbox 399 834 475 866; x_wconf 84' lang='lat' dir='ltr'><strong>felix</strong></span> <span class='ocrx_word' id='word_1_91' title='bbox 501 838 532 866; x_wconf 89' lang='lat' dir='ltr'><strong>et</strong></span> <span class='ocrx_word' id='word_1_92' title='bbox 554 834 657 872; x_wconf 79' lang='lat' dir='ltr'><strong>beata,</strong></span> <span class='ocrx_word' id='word_1_93' title='bbox 913 837 943 868; x_wconf 82' lang='lat'><strong>8.</strong></span> <span class='ocrx_word' id='word_1_94' title='bbox 969 835 1038 866; x_wconf 81' lang='lat' dir='ltr'><strong>Tua</strong></span> <span class='ocrx_word' id='word_1_95' title='bbox 1061 842 1156 873; x_wconf 86' lang='lat' dir='ltr'><strong>prece</strong></span> <span class='ocrx_word' id='word_1_96' title='bbox 1182 836 1339 873; x_wconf 81' lang='lat' dir='ltr'><strong>exoratus,</strong></span> 
     </span>
     <span class='ocr_line' id='line_1_15' title="bbox 295 880 1461 921; baseline -0.002 -7"><span class='ocrx_word' id='word_1_97' title='bbox 295 882 434 914; x_wconf 79' lang='lat' dir='ltr'><strong>Caritate</strong></span> <span class='ocrx_word' id='word_1_98' title='bbox 458 882 623 920; x_wconf 82' lang='lat' dir='ltr'><strong>adornata,</strong></span> <span class='ocrx_word' id='word_1_99' title='bbox 972 882 1059 913; x_wconf 88' lang='lat' dir='ltr'><strong>Iesus</strong></span> <span class='ocrx_word' id='word_1_100' title='bbox 1085 880 1239 921; x_wconf 81' lang='lat' dir='ltr'><strong>Christus,</strong></span> <span class='ocrx_word' id='word_1_101' title='bbox 1267 880 1332 911; x_wconf 91' lang='lat' dir='ltr'><strong>eius</strong></span> <span class='ocrx_word' id='word_1_102' title='bbox 1358 883 1461 920; x_wconf 88' lang='lat' dir='ltr'><strong>natus,</strong></span> 
     </span>
     <span class='ocr_line' id='line_1_16' title="bbox 343 925 1493 966; baseline -0.001 -7"><span class='ocrx_word' id='word_1_103' title='bbox 343 927 491 959; x_wconf 86' lang='lat' dir='ltr'><strong>Nostrum</strong></span> <span class='ocrx_word' id='word_1_104' title='bbox 519 927 589 960; x_wconf 89' lang='lat' dir='ltr'><strong>dele</strong></span> <span class='ocrx_word' id='word_1_105' title='bbox 614 927 734 965; x_wconf 81' lang='lat' dir='ltr'><strong>vitium,</strong></span> <span class='ocrx_word' id='word_1_106' title='bbox 1017 929 1101 959; x_wconf 87' lang='lat' dir='ltr'><strong>Vera</strong></span> <span class='ocrx_word' id='word_1_107' title='bbox 1124 928 1225 960; x_wconf 89' lang='lat' dir='ltr'><strong>virtus</strong></span> <span class='ocrx_word' id='word_1_108' title='bbox 1250 929 1345 966; x_wconf 84' lang='lat' dir='ltr'><strong>atque</strong></span> <span class='ocrx_word' id='word_1_109' title='bbox 1369 925 1493 966; x_wconf 85' lang='lat' dir='ltr'><strong>flamen,</strong></span> 
     </span>
     <span class='ocr_line' id='line_1_17' title="bbox 298 974 1500 1014; baseline -0.001 -9"><span class='ocrx_word' id='word_1_110' title='bbox 298 974 412 1006; x_wconf 82' lang='lat' dir='ltr'><strong>Sensus</strong></span> <span class='ocrx_word' id='word_1_111' title='bbox 438 977 561 1006; x_wconf 86' lang='lat' dir='ltr'><strong>nostros</strong></span> <span class='ocrx_word' id='word_1_112' title='bbox 587 977 621 1006; x_wconf 92' lang='lat' dir='ltr'><strong>tu</strong></span> <span class='ocrx_word' id='word_1_113' title='bbox 647 983 798 1006; x_wconf 90' lang='lat' dir='ltr'><strong>conserva</strong></span> <span class='ocrx_word' id='word_1_114' title='bbox 973 975 1032 1014; x_wconf 77' lang='lat' dir='ltr'><strong>Qui</strong></span> <span class='ocrx_word' id='word_1_115' title='bbox 1056 983 1139 1006; x_wconf 88' lang='lat' dir='ltr'><strong>nunc</strong></span> <span class='ocrx_word' id='word_1_116' title='bbox 1163 976 1274 1014; x_wconf 80' lang='lat' dir='ltr'><strong>regnat</strong></span> <span class='ocrx_word' id='word_1_117' title='bbox 1297 974 1385 1006; x_wconf 88' lang='lat' dir='ltr'><strong>Deus</strong></span> <span class='ocrx_word' id='word_1_118' title='bbox 1410 982 1500 1012; x_wconf 80' lang='lat' dir='ltr'><strong>unus,</strong></span> 
     </span>
     <span class='ocr_line' id='line_1_18' title="bbox 298 1020 1491 1061; baseline -0.002 -8"><span class='ocrx_word' id='word_1_119' title='bbox 298 1021 415 1053; x_wconf 87' lang='lat' dir='ltr'><strong>Contra</strong></span> <span class='ocrx_word' id='word_1_120' title='bbox 438 1020 543 1052; x_wconf 87' lang='lat' dir='ltr'><strong>hostes</strong></span> <span class='ocrx_word' id='word_1_121' title='bbox 568 1024 662 1061; x_wconf 86' lang='lat' dir='ltr'><strong>atque</strong></span> <span class='ocrx_word' id='word_1_122' title='bbox 685 1030 801 1060; x_wconf 80' lang='lat' dir='ltr'><strong>pravos</strong></span> <span class='ocrx_word' id='word_1_123' title='bbox 975 1021 1074 1054; x_wconf 85' lang='lat' dir='ltr'><strong>Nobis</strong></span> <span class='ocrx_word' id='word_1_124' title='bbox 1099 1024 1242 1061; x_wconf 82' lang='lat' dir='ltr'><strong>praestet</strong></span> <span class='ocrx_word' id='word_1_125' title='bbox 1265 1030 1353 1052; x_wconf 89' lang='lat' dir='ltr'><strong>suum</strong></span> <span class='ocrx_word' id='word_1_126' title='bbox 1379 1029 1491 1052; x_wconf 89' lang='lat' dir='ltr'><strong>munus</strong></span> 
     </span>
     <span class='ocr_line' id='line_1_19' title="bbox 342 1066 1477 1109; baseline 0.001 -11"><span class='ocrx_word' id='word_1_127' title='bbox 342 1066 442 1099; x_wconf 80' lang='lat' dir='ltr'><strong>Nobis</strong></span> <span class='ocrx_word' id='word_1_128' title='bbox 467 1066 516 1099; x_wconf 80' lang='lat' dir='ltr'><strong>fer</strong></span> <span class='ocrx_word' id='word_1_129' title='bbox 539 1068 699 1099; x_wconf 87' lang='lat' dir='ltr'><strong>auxilium.</strong></span> <span class='ocrx_word' id='word_1_130' title='bbox 1020 1068 1148 1100; x_wconf 82' lang='lat' dir='ltr'><strong>Meritis</strong></span> <span class='ocrx_word' id='word_1_131' title='bbox 1172 1068 1338 1109; x_wconf 83' lang='lat' dir='ltr'><strong>Birgittae,</strong></span> <span class='ocrx_word' id='word_1_132' title='bbox 1365 1068 1477 1099; x_wconf 88' lang='lat' dir='ltr'><strong>Amen.</strong></span> 
     </span>
    </p>
   </div>
   <div class='ocr_carea' id='block_1_4' title="bbox 578 1240 1166 1281">
    <p class='ocr_par' dir='ltr' id='par_1_5' title="bbox 578 1240 1166 1281">
     <span class='ocr_line' id='line_1_20' title="bbox 578 1240 1166 1281; baseline 0 -10"><span class='ocrx_word' id='word_1_133' title='bbox 578 1240 631 1272; x_wconf 87' lang='grc'>116.</span> <span class='ocrx_word' id='word_1_134' title='bbox 663 1241 704 1272; x_wconf 88' lang='lat' dir='ltr'><strong>De</strong></span> <span class='ocrx_word' id='word_1_135' title='bbox 725 1241 834 1272; x_wconf 85' lang='lat' dir='ltr'><strong>sancta</strong></span> <span class='ocrx_word' id='word_1_136' title='bbox 853 1240 953 1273; x_wconf 83' lang='lat' dir='ltr'><strong>Maria</strong></span> <span class='ocrx_word' id='word_1_137' title='bbox 972 1241 1166 1281; x_wconf 77' lang='lat' dir='ltr'><strong>Magdalena.</strong></span> 
     </span>
    </p>
   </div>
   <div class='ocr_carea' id='block_1_5' title="bbox 240 1328 1527 1724">
    <p class='ocr_par' dir='ltr' id='par_1_6' title="bbox 240 1328 1520 1467">
     <span class='ocr_line' id='line_1_21' title="bbox 240 1328 1520 1372; baseline 0.003 -13"><span class='ocrx_word' id='word_1_138' title='bbox 240 1329 272 1363; x_wconf 83' lang='lat'><strong>1.</strong></span> <span class='ocrx_word' id='word_1_139' title='bbox 297 1330 403 1368; x_wconf 83' lang='lat' dir='ltr'><strong>Ave,</strong></span> <span class='ocrx_word' id='word_1_140' title='bbox 429 1331 538 1360; x_wconf 87' lang='lat' dir='ltr'><strong>sancta</strong></span> <span class='ocrx_word' id='word_1_141' title='bbox 564 1328 764 1370; x_wconf 84' lang='lat' dir='ltr'><strong>Magdalena‚</strong></span> <span class='ocrx_word' id='word_1_142' title='bbox 915 1332 945 1364; x_wconf 87' lang='lat'><strong>3.</strong></span> <span class='ocrx_word' id='word_1_143' title='bbox 974 1329 1128 1371; x_wconf 82' lang='lat' dir='ltr'><strong>Gaude,</strong></span> <span class='ocrx_word' id='word_1_144' title='bbox 1146 1331 1290 1371; x_wconf 84' lang='lat' dir='ltr'><strong>pulchra,</strong></span> <span class='ocrx_word' id='word_1_145' title='bbox 1305 1331 1401 1363; x_wconf 87' lang='lat' dir='ltr'><strong>laude</strong></span> <span class='ocrx_word' id='word_1_146' title='bbox 1416 1332 1520 1372; x_wconf 82' lang='lat' dir='ltr'><strong>digna,</strong></span> 
     </span>
     <span class='ocr_line' id='line_1_22' title="bbox 298 1374 1441 1418; baseline 0.003 -12"><span class='ocrx_word' id='word_1_147' title='bbox 298 1375 388 1407; x_wconf 85' lang='lat' dir='ltr'><strong>Mala</strong></span> <span class='ocrx_word' id='word_1_148' title='bbox 409 1374 561 1414; x_wconf 83' lang='lat' dir='ltr'><strong>plangens</strong></span> <span class='ocrx_word' id='word_1_149' title='bbox 587 1377 621 1406; x_wconf 86' lang='lat' dir='ltr'><strong>ut</strong></span> <span class='ocrx_word' id='word_1_150' title='bbox 644 1375 765 1415; x_wconf 85' lang='lat' dir='ltr'><strong>leaena,</strong></span> <span class='ocrx_word' id='word_1_151' title='bbox 975 1377 1104 1409; x_wconf 85' lang='lat' dir='ltr'><strong>Cunctis</strong></span> <span class='ocrx_word' id='word_1_152' title='bbox 1128 1377 1215 1409; x_wconf 84' lang='lat' dir='ltr'><strong>mitis</strong></span> <span class='ocrx_word' id='word_1_153' title='bbox 1242 1380 1273 1409; x_wconf 85' lang='lat' dir='ltr'><strong>et</strong></span> <span class='ocrx_word' id='word_1_154' title='bbox 1296 1378 1441 1418; x_wconf 86' lang='lat' dir='ltr'><strong>benigna,</strong></span> 
     </span>
     <span class='ocr_line' id='line_1_23' title="bbox 297 1421 1432 1467; baseline 0.002 -13"><span class='ocrx_word' id='word_1_155' title='bbox 297 1422 393 1454; x_wconf 88' lang='lat' dir='ltr'><strong>Pasta</strong></span> <span class='ocrx_word' id='word_1_156' title='bbox 418 1429 450 1452; x_wconf 89' lang='lat' dir='ltr'><strong>es</strong></span> <span class='ocrx_word' id='word_1_157' title='bbox 476 1421 594 1453; x_wconf 82' lang='lat' dir='ltr'><strong>Christi</strong></span> <span class='ocrx_word' id='word_1_158' title='bbox 621 1422 773 1461; x_wconf 88' lang='lat' dir='ltr'><strong>doctrina,</strong></span> <span class='ocrx_word' id='word_1_159' title='bbox 973 1423 1047 1455; x_wconf 89' lang='lat' dir='ltr'><strong>Iesu</strong></span> <span class='ocrx_word' id='word_1_160' title='bbox 1073 1423 1193 1455; x_wconf 85' lang='lat' dir='ltr'><strong>Christi</strong></span> <span class='ocrx_word' id='word_1_161' title='bbox 1220 1425 1260 1456; x_wconf 88' lang='lat' dir='ltr'><strong>da</strong></span> <span class='ocrx_word' id='word_1_162' title='bbox 1283 1433 1432 1467; x_wconf 82' lang='lat' dir='ltr'><strong>amorem,</strong></span> 
     </span>
    </p>

    <p class='ocr_par' dir='ltr' id='par_1_7' title="bbox 299 1467 1526 1509">
     <span class='ocr_line' id='line_1_24' title="bbox 299 1467 1526 1509; baseline 0.004 -10"><span class='ocrx_word' id='word_1_163' title='bbox 299 1467 359 1506; x_wconf 74' lang='lat' dir='ltr'><strong>Qui</strong></span> <span class='ocrx_word' id='word_1_164' title='bbox 382 1470 416 1499; x_wconf 81' lang='lat' dir='ltr'><strong>te</strong></span> <span class='ocrx_word' id='word_1_165' title='bbox 439 1468 540 1499; x_wconf 77' lang='lat' dir='ltr'><strong>traxit</strong></span> <span class='ocrx_word' id='word_1_166' title='bbox 564 1476 584 1498; x_wconf 91' lang='lat' dir='ltr'><strong>a</strong></span> <span class='ocrx_word' id='word_1_167' title='bbox 606 1467 707 1501; x_wconf 85' lang='lat' dir='ltr'><strong>ruina.</strong></span> <span class='ocrx_word' id='word_1_168' title='bbox 974 1469 1101 1509; x_wconf 81' lang='lat' dir='ltr'><strong>Stringe</strong></span> <span class='ocrx_word' id='word_1_169' title='bbox 1120 1471 1239 1502; x_wconf 84' lang='lat' dir='ltr'><strong>malum</strong></span> <span class='ocrx_word' id='word_1_170' title='bbox 1263 1480 1348 1503; x_wconf 85' lang='lat' dir='ltr'><strong>nunc</strong></span> <span class='ocrx_word' id='word_1_171' title='bbox 1365 1473 1526 1506; x_wconf 82' lang='lat' dir='ltr'><strong>ardorem.</strong></span> 
     </span>
    </p>

    <p class='ocr_par' dir='ltr' id='par_1_8' title="bbox 243 1542 1527 1634">
     <span class='ocr_line' id='line_1_25' title="bbox 243 1542 1527 1589; baseline 0.003 -14"><span class='ocrx_word' id='word_1_172' title='bbox 243 1544 274 1575; x_wconf 86' lang='lat'><strong>2.</strong></span> <span class='ocrx_word' id='word_1_173' title='bbox 300 1542 444 1584; x_wconf 82' lang='lat' dir='ltr'><strong>Salve,</strong></span> <span class='ocrx_word' id='word_1_174' title='bbox 471 1546 572 1575; x_wconf 88' lang='lat' dir='ltr'><strong>mater</strong></span> <span class='ocrx_word' id='word_1_175' title='bbox 596 1543 789 1586; x_wconf 88' lang='lat' dir='ltr'><strong>miserorum,</strong></span> <span class='ocrx_word' id='word_1_176' title='bbox 915 1547 948 1577; x_wconf 88' lang='lat'><strong>4.</strong></span> <span class='ocrx_word' id='word_1_177' title='bbox 974 1544 1093 1587; x_wconf 87' lang='lat' dir='ltr'><strong>Vale,</strong></span> <span class='ocrx_word' id='word_1_178' title='bbox 1130 1544 1208 1577; x_wconf 84' lang='lat' dir='ltr'><strong>felix</strong></span> <span class='ocrx_word' id='word_1_179' title='bbox 1235 1543 1297 1589; x_wconf 86' lang='lat' dir='ltr'><strong>(tu)</strong></span> <span class='ocrx_word' id='word_1_180' title='bbox 1324 1546 1527 1588; x_wconf 85' lang='lat' dir='ltr'><strong>Magdalena,</strong></span> 
     </span>
     <span class='ocr_line' id='line_1_26' title="bbox 300 1589 1447 1634; baseline 0.006 -15"><span class='ocrx_word' id='word_1_181' title='bbox 300 1589 467 1628; x_wconf 83' lang='lat' dir='ltr'><strong>Speculum</strong></span> <span class='ocrx_word' id='word_1_182' title='bbox 493 1597 525 1620; x_wconf 91' lang='lat' dir='ltr'><strong>es</strong></span> <span class='ocrx_word' id='word_1_183' title='bbox 548 1591 758 1629; x_wconf 81' lang='lat' dir='ltr'><strong>pcccatorum,</strong></span> <span class='ocrx_word' id='word_1_184' title='bbox 974 1590 1061 1623; x_wconf 82' lang='lat' dir='ltr'><strong>Luce</strong></span> <span class='ocrx_word' id='word_1_185' title='bbox 1085 1590 1193 1624; x_wconf 88' lang='lat' dir='ltr'><strong>fruens</strong></span> <span class='ocrx_word' id='word_1_186' title='bbox 1219 1602 1302 1624; x_wconf 87' lang='lat' dir='ltr'><strong>nunc</strong></span> <span class='ocrx_word' id='word_1_187' title='bbox 1326 1602 1447 1634; x_wconf 84' lang='lat' dir='ltr'><strong>serena,</strong></span> 
     </span>
    </p>

    <p class='ocr_par' dir='ltr' id='par_1_9' title="bbox 299 1635 1445 1724">
     <span class='ocr_line' id='line_1_27' title="bbox 300 1635 1347 1683; baseline 0.006 -17"><span class='ocrx_word' id='word_1_188' title='bbox 300 1635 349 1667; x_wconf 83' lang='lat' dir='ltr'><strong>Ne</strong></span> <span class='ocrx_word' id='word_1_189' title='bbox 375 1635 542 1675; x_wconf 88' lang='lat' dir='ltr'><strong>desperent</strong></span> <span class='ocrx_word' id='word_1_190' title='bbox 562 1635 615 1667; x_wconf 90' lang='lat' dir='ltr'><strong>hic</strong></span> <span class='ocrx_word' id='word_1_191' title='bbox 637 1635 670 1667; x_wconf 90' lang='lat' dir='ltr'><strong>in</strong></span> <span class='ocrx_word' id='word_1_192' title='bbox 695 1637 764 1679; x_wconf 84' lang='lat' dir='ltr'><strong>via3</strong></span> <span class='ocrx_word' id='word_1_193' title='bbox 976 1637 1026 1669; x_wconf 86' lang='lat' dir='ltr'><strong>Ne</strong></span> <span class='ocrx_word' id='word_1_194' title='bbox 1051 1638 1093 1671; x_wconf 90' lang='lat' dir='ltr'><strong>sis</strong></span> <span class='ocrx_word' id='word_1_195' title='bbox 1118 1638 1209 1671; x_wconf 87' lang='lat' dir='ltr'><strong>nobis</strong></span> <span class='ocrx_word' id='word_1_196' title='bbox 1234 1640 1347 1683; x_wconf 83' lang='lat' dir='ltr'><strong>aliena,</strong></span> 
     </span>
     <span class='ocr_line' id='line_1_28' title="bbox 299 1682 1445 1724; baseline 0.003 -9"><span class='ocrx_word' id='word_1_197' title='bbox 299 1682 426 1715; x_wconf 81' lang='lat' dir='ltr'><strong>Munda</strong></span> <span class='ocrx_word' id='word_1_198' title='bbox 449 1690 516 1724; x_wconf 91' lang='lat' dir='ltr'><strong>nos,</strong></span> <span class='ocrx_word' id='word_1_199' title='bbox 542 1690 560 1712; x_wconf 91' lang='lat' dir='ltr'><strong>o</strong></span> <span class='ocrx_word' id='word_1_200' title='bbox 585 1684 619 1714; x_wconf 86' lang='lat' dir='ltr'><strong>tu</strong></span> <span class='ocrx_word' id='word_1_201' title='bbox 642 1682 757 1715; x_wconf 86' lang='lat' dir='ltr'><strong>Maria.</strong></span> <span class='ocrx_word' id='word_1_202' title='bbox 983 1684 1069 1718; x_wconf 86' lang='lat' dir='ltr'><strong>Caeli</strong></span> <span class='ocrx_word' id='word_1_203' title='bbox 1093 1685 1214 1724; x_wconf 88' lang='lat' dir='ltr'><strong>perduc</strong></span> <span class='ocrx_word' id='word_1_204' title='bbox 1238 1687 1279 1718; x_wconf 88' lang='lat' dir='ltr'><strong>ad</strong></span> <span class='ocrx_word' id='word_1_205' title='bbox 1304 1695 1445 1720; x_wconf 88' lang='lat' dir='ltr'><strong>amoena.</strong></span> 
     </span>
    </p>
   </div>
   <div class='ocr_carea' id='block_1_6' title="bbox 593 1854 1162 1890">
    <p class='ocr_par' dir='ltr' id='par_1_10' title="bbox 593 1854 1162 1890">
     <span class='ocr_line' id='line_1_29' title="bbox 593 1854 1162 1890; baseline 0.004 -4"><span class='ocrx_word' id='word_1_206' title='bbox 593 1854 647 1887; x_wconf 91' lang='grc'>117.</span> <span class='ocrx_word' id='word_1_207' title='bbox 682 1855 787 1887; x_wconf 83' lang='lat' dir='ltr'><strong>Oratio</strong></span> <span class='ocrx_word' id='word_1_208' title='bbox 808 1857 942 1889; x_wconf 75' lang='lat' dir='ltr'><strong>secunda</strong></span> <span class='ocrx_word' id='word_1_209' title='bbox 963 1858 1003 1889; x_wconf 81' lang='lat' dir='ltr'><strong>ad</strong></span> <span class='ocrx_word' id='word_1_210' title='bbox 1024 1858 1162 1890; x_wconf 80' lang='lat' dir='ltr'><strong>eandem.</strong></span> 
     </span>
    </p>
   </div>
   <div class='ocr_carea' id='block_1_7' title="bbox 245 1942 1455 2300">
    <p class='ocr_par' dir='ltr' id='par_1_11' title="bbox 245 1942 1455 2083">
     <span class='ocr_line' id='line_1_30' title="bbox 245 1942 1455 1989; baseline 0.006 -14"><span class='ocrx_word' id='word_1_211' title='bbox 245 1943 276 1976; x_wconf 86' lang='lat'><strong>1.</strong></span> <span class='ocrx_word' id='word_1_212' title='bbox 301 1944 403 1984; x_wconf 82' lang='lat' dir='ltr'><strong>Ave,</strong></span> <span class='ocrx_word' id='word_1_213' title='bbox 430 1943 524 1976; x_wconf 87' lang='lat' dir='ltr'><strong>beata</strong></span> <span class='ocrx_word' id='word_1_214' title='bbox 548 1942 675 1983; x_wconf 86' lang='lat' dir='ltr'><strong>femina,</strong></span> <span class='ocrx_word' id='word_1_215' title='bbox 923 1948 954 1980; x_wconf 83' lang='lat'><strong>3.</strong></span> <span class='ocrx_word' id='word_1_216' title='bbox 982 1946 1143 1989; x_wconf 80' lang='lat' dir='ltr'><strong>Gaude,</strong></span> <span class='ocrx_word' id='word_1_217' title='bbox 1170 1951 1271 1980; x_wconf 87' lang='lat' dir='ltr'><strong>mater</strong></span> <span class='ocrx_word' id='word_1_218' title='bbox 1297 1950 1455 1989; x_wconf 81' lang='lat' dir='ltr'><strong>decorata,</strong></span> 
     </span>
     <span class='ocr_line' id='line_1_31' title="bbox 304 1989 1392 2036; baseline 0.005 -13"><span class='ocrx_word' id='word_1_219' title='bbox 304 1992 328 2023; x_wconf 93' lang='lat' dir='ltr'>O</span> <span class='ocrx_word' id='word_1_220' title='bbox 352 1989 544 2030; x_wconf 85' lang='lat' dir='ltr'><strong>Magdalena</strong></span> <span class='ocrx_word' id='word_1_221' title='bbox 569 1991 704 2029; x_wconf 86' lang='lat' dir='ltr'><strong>domina,</strong></span> <span class='ocrx_word' id='word_1_222' title='bbox 979 1994 1069 2027; x_wconf 87' lang='lat' dir='ltr'><strong>Inter</strong></span> <span class='ocrx_word' id='word_1_223' title='bbox 1092 1997 1217 2027; x_wconf 87' lang='lat' dir='ltr'><strong>sanctos</strong></span> <span class='ocrx_word' id='word_1_224' title='bbox 1243 1997 1392 2036; x_wconf 84' lang='lat' dir='ltr'><strong>exaltata,</strong></span> 
     </span>
     <span class='ocr_line' id='line_1_32' title="bbox 302 2037 1378 2083; baseline 0.007 -14"><span class='ocrx_word' id='word_1_225' title='bbox 302 2037 351 2069; x_wconf 89' lang='lat' dir='ltr'><strong>Tu</strong></span> <span class='ocrx_word' id='word_1_226' title='bbox 375 2037 498 2076; x_wconf 84' lang='lat' dir='ltr'><strong>suscipe</strong></span> <span class='ocrx_word' id='word_1_227' title='bbox 521 2037 701 2077; x_wconf 87' lang='lat' dir='ltr'><strong>precamina</strong></span> <span class='ocrx_word' id='word_1_228' title='bbox 981 2041 1087 2081; x_wconf 86' lang='lat' dir='ltr'><strong>Opera</strong></span> <span class='ocrx_word' id='word_1_229' title='bbox 1111 2041 1164 2074; x_wconf 90' lang='lat' dir='ltr'><strong>fac</strong></span> <span class='ocrx_word' id='word_1_230' title='bbox 1186 2041 1255 2075; x_wconf 81' lang='lat' dir='ltr'><strong>Deo</strong></span> <span class='ocrx_word' id='word_1_231' title='bbox 1278 2047 1378 2083; x_wconf 81' lang='lat' dir='ltr'><strong>grata,</strong></span> 
     </span>
    </p>

    <p class='ocr_par' dir='ltr' id='par_1_12' title="bbox 303 2084 1385 2133">
     <span class='ocr_line' id='line_1_33' title="bbox 303 2084 1385 2133; baseline 0.007 -18"><span class='ocrx_word' id='word_1_232' title='bbox 303 2084 347 2115; x_wconf 86' lang='lat' dir='ltr'><strong>Et</strong></span> <span class='ocrx_word' id='word_1_233' title='bbox 372 2086 484 2115; x_wconf 81' lang='lat' dir='ltr'><strong>cuncta</strong></span> <span class='ocrx_word' id='word_1_234' title='bbox 509 2084 580 2116; x_wconf 85' lang='lat' dir='ltr'><strong>dele</strong></span> <span class='ocrx_word' id='word_1_235' title='bbox 605 2085 745 2118; x_wconf 83' lang='lat' dir='ltr'><strong>crimina.</strong></span> <span class='ocrx_word' id='word_1_236' title='bbox 981 2088 1074 2121; x_wconf 89' lang='lat' dir='ltr'><strong>Dona</strong></span> <span class='ocrx_word' id='word_1_237' title='bbox 1098 2086 1164 2133; x_wconf 88' lang='lat' dir='ltr'><strong>[da]</strong></span> <span class='ocrx_word' id='word_1_238' title='bbox 1187 2093 1385 2130; x_wconf 84' lang='lat' dir='ltr'><strong>perpetuata.</strong></span> 
     </span>
    </p>

    <p class='ocr_par' dir='ltr' id='par_1_13' title="bbox 246 2157 1405 2300">
     <span class='ocr_line' id='line_1_34' title="bbox 246 2157 1379 2207; baseline 0.008 -18"><span class='ocrx_word' id='word_1_239' title='bbox 246 2160 278 2192; x_wconf 86' lang='lat'><strong>2.</strong></span> <span class='ocrx_word' id='word_1_240' title='bbox 304 2158 444 2199; x_wconf 84' lang='lat' dir='ltr'><strong>Salve,</strong></span> <span class='ocrx_word' id='word_1_241' title='bbox 471 2157 559 2199; x_wconf 84' lang='lat' dir='ltr'><strong>felix,</strong></span> <span class='ocrx_word' id='word_1_242' title='bbox 589 2168 669 2198; x_wconf 88' lang='lat' dir='ltr'><strong>quae</strong></span> <span class='ocrx_word' id='word_1_243' title='bbox 693 2160 799 2192; x_wconf 87' lang='lat' dir='ltr'><strong>lavisti</strong></span> <span class='ocrx_word' id='word_1_244' title='bbox 923 2164 954 2195; x_wconf 81' lang='lat'><strong>4.</strong></span> <span class='ocrx_word' id='word_1_245' title='bbox 983 2162 1102 2206; x_wconf 88' lang='lat' dir='ltr'><strong>Vale,</strong></span> <span class='ocrx_word' id='word_1_246' title='bbox 1129 2164 1272 2204; x_wconf 83' lang='lat' dir='ltr'><strong>paradisi</strong></span> <span class='ocrx_word' id='word_1_247' title='bbox 1298 2174 1379 2207; x_wconf 88' lang='lat' dir='ltr'><strong>rosa,</strong></span> 
     </span>
     <span class='ocr_line' id='line_1_35' title="bbox 306 2205 1386 2255; baseline 0.007 -18"><span class='ocrx_word' id='word_1_248' title='bbox 306 2205 436 2237; x_wconf 88' lang='lat' dir='ltr'><strong>Sanctos</strong></span> <span class='ocrx_word' id='word_1_249' title='bbox 461 2205 558 2244; x_wconf 84' lang='lat' dir='ltr'><strong>pedes</strong></span> <span class='ocrx_word' id='word_1_250' title='bbox 582 2206 655 2238; x_wconf 88' lang='lat' dir='ltr'><strong>Iesu</strong></span> <span class='ocrx_word' id='word_1_251' title='bbox 680 2206 816 2247; x_wconf 78' lang='lat' dir='ltr'><strong>Christi3</strong></span> <span class='ocrx_word' id='word_1_252' title='bbox 981 2209 1070 2241; x_wconf 86' lang='lat' dir='ltr'><strong>Nulli</strong></span> <span class='ocrx_word' id='word_1_253' title='bbox 1095 2211 1176 2243; x_wconf 89' lang='lat' dir='ltr'><strong>dura</strong></span> <span class='ocrx_word' id='word_1_254' title='bbox 1198 2220 1258 2243; x_wconf 87' lang='lat' dir='ltr'><strong>nec</strong></span> <span class='ocrx_word' id='word_1_255' title='bbox 1282 2221 1386 2255; x_wconf 85' lang='lat' dir='ltr'><strong>exosa,</strong></span> 
     </span>
     <span class='ocr_line' id='line_1_36' title="bbox 305 2252 1405 2300; baseline 0.008 -16"><span class='ocrx_word' id='word_1_256' title='bbox 305 2252 403 2294; x_wconf 86' lang='lat' dir='ltr'><strong>Deus,</strong></span> <span class='ocrx_word' id='word_1_257' title='bbox 428 2252 481 2292; x_wconf 85' lang='lat' dir='ltr'><strong>qui</strong></span> <span class='ocrx_word' id='word_1_258' title='bbox 505 2252 557 2284; x_wconf 87' lang='lat' dir='ltr'><strong>hic</strong></span> <span class='ocrx_word' id='word_1_259' title='bbox 583 2253 783 2296; x_wconf 85' lang='lat' dir='ltr'><strong>descendisti,</strong></span> <span class='ocrx_word' id='word_1_260' title='bbox 980 2256 1090 2288; x_wconf 88' lang='lat' dir='ltr'><strong>Mente</strong></span> <span class='ocrx_word' id='word_1_261' title='bbox 1113 2266 1210 2297; x_wconf 86' lang='lat' dir='ltr'><strong>posco</strong></span> <span class='ocrx_word' id='word_1_262' title='bbox 1236 2259 1405 2300; x_wconf 83' lang='lat' dir='ltr'><strong>viscerosa,</strong></span> 
     </span>
    </p>
   </div>
   <div class='ocr_carea' id='block_1_8' title="bbox 306 2298 1346 2346">
    <p class='ocr_par' dir='ltr' id='par_1_14' title="bbox 306 2298 1346 2346">
     <span class='ocr_line' id='line_1_37' title="bbox 306 2298 1346 2346; baseline 0.009 -16"><span class='ocrx_word' id='word_1_263' title='bbox 306 2298 395 2331; x_wconf 89' lang='lat' dir='ltr'><strong>Lava</strong></span> <span class='ocrx_word' id='word_1_264' title='bbox 418 2307 484 2339; x_wconf 74' lang='lat' dir='ltr'><strong>noe,</strong></span> <span class='ocrx_word' id='word_1_265' title='bbox 512 2308 588 2339; x_wconf 85' lang='lat' dir='ltr'><strong>quos</strong></span> <span class='ocrx_word' id='word_1_266' title='bbox 613 2300 786 2333; x_wconf 85' lang='lat' dir='ltr'><strong>redemisti.</strong></span> <span class='ocrx_word' id='word_1_267' title='bbox 983 2302 1109 2338; x_wconf 84' lang='lat' dir='ltr'><strong>Gaudia</strong></span> <span class='ocrx_word' id='word_1_268' title='bbox 1134 2305 1174 2337; x_wconf 88' lang='lat' dir='ltr'><strong>da</strong></span> <span class='ocrx_word' id='word_1_269' title='bbox 1200 2306 1346 2346; x_wconf 86' lang='lat' dir='ltr'><strong>gloriosa.</strong></span> 
     </span>
    </p>
   </div>
  </div>
 </body>
</html>
