1655 2573
148 714 200 747 10.

145 949 199 981 15.

142 1183 196 1215 20.

138 1419 192 1450 25.

134 1653 188 1686 30.

136 1890 189 1921 35.

128 2250 158 2283 1.

658 133 915 168 —131-›

573 225 639 257 255.
668 226 711 257 De
730 225 847 258 sanctis
867 225 1005 266 Angelis.

234 294 348 325 Preces
372 296 508 335 nostras,
535 304 621 338 rogo,
645 295 710 336 pia,

231 340 327 379 Audi,
353 348 430 372 vera
453 344 487 373 tu
512 342 634 384 sophia,

232 388 316 427 Quas
340 388 373 419 in
398 388 494 420 laude
515 390 697 428 angelorum

230 433 304 466 Tibi
328 433 426 466 fundo
450 435 624 468 beatorum.

231 482 345 514 Omnes
366 490 433 521 nos,
459 483 512 522 qui
529 491 634 514 sumus
654 484 752 525 multi,

231 528 379 569 Petimus,
409 531 444 559 ut
470 528 661 561 circumfulti

231 577 416 608 Interventu
440 576 607 608 Michaelis

230 621 307 663 Nos,
335 622 469 661 Christe,
495 626 584 654 tuere
610 622 687 654 velis

229 670 266 701 In
292 669 383 700 huius
407 670 515 700 mundi
541 669 671 707 proelio.

227 714 281 747 Ad
305 718 347 753 te,
375 713 511 755 Christe,
537 716 741 755 suspiramus,

228 761 281 794 Sic
305 762 338 793 in
363 761 446 793 valle
473 762 533 794 hac
557 762 714 802 vivamus,

226 809 274 842 Ut
298 808 474 840 conformes
499 808 559 840 tibi
581 809 645 840 luci

224 855 406 888 Mereamur
428 856 470 887 ad
495 859 527 888 te
553 856 626 887 duci

225 902 324 935 Manu
349 902 450 934 sancti
474 902 653 942 Michaelis,

227 949 347 983 Summi
371 949 526 988 principis
550 949 583 980 in
607 949 714 990 caelis,

221 995 280 1036 Qui
305 1005 363 1035 pro
388 996 479 1027 nobis
505 995 607 1027 fertur
632 997 718 1027 stare

220 1043 265 1075 Et
290 1045 471 1074 constanter
497 1042 648 1075 dimicare

223 1090 341 1123 Contra
363 1089 517 1128 impetum
543 1089 699 1129 draconis»,

223 1136 320 1176 Regis
348 1136 410 1168 diri
434 1136 616 1179 Babylonis,

224 1183 282 1224 Qui
309 1185 440 1215 conatur
467 1183 673 1223 supplantare

221 1232 326 1263 Iustos
350 1231 437 1270 ipsos
463 1234 495 1261 et
518 1238 639 1269 vorare,

223 1278 306 1316 Quos
332 1276 460 1309 caelesti
485 1285 581 1317 regno
605 1278 720 1317 privat,

223 1325 299 1357 Cum
324 1324 397 1356 illos
418 1322 532 1356 fraude
558 1325 715 1367 captivat,

222 1371 317 1405 Cuius
340 1373 375 1402 tu
401 1369 606 1409 ferocitatem,

220 1417 369 1457 Michael,
398 1420 430 1448 et
451 1420 642 1457 potestatem

218 1465 280 1497 Dei
306 1473 344 1496 ex
369 1464 487 1497 virtute
510 1464 628 1505 frenaS,

215 1514 267 1545 Ne
290 1512 331 1544 ad
356 1510 529 1543 infernales
554 1520 672 1550 poenas

218 1560 291 1592 Pios
322 1567 461 1598 quosque
483 1558 592 1590 trahat
616 1566 739 1598 secum3

217 1607 302 1645 Ergo
330 1606 537 1646 deprecamur
561 1608 665 1637 tecum

215 1654 330 1686 Omnes
356 1653 467 1684 choros
492 1653 684 1693 angelorum,

215 1700 435 1740 Paranyniphe
459 1702 577 1739 sancte,
609 1708 739 1740 quorum

213 1749 366 1787 Princeps
391 1755 435 1787 es,
460 1750 497 1778 ut
522 1747 718 1788 consurgatis

214 1795 258 1827 Et
282 1794 321 1826 ab
347 1795 438 1826 hoste
464 1793 643 1826 defendatis

213 1842 290 1880 Nos,
309 1842 361 1881 qui
379 1849 505 1881 semper
516 1842 736 1882 impugnamur

216 1889 260 1921 Et
284 1889 444 1921 interdum
471 1889 677 1928 debellamur,

212 1937 284 1969 Non
309 1936 462 1968 habentes
489 1935 682 1977 defensores,

212 1983 282 2016 Nisi
308 1992 363 2015 vos
388 1986 648 2025 propugnatores,

825 391 880 423 40.

825 626 880 657 45.

821 858 873 890 50.

819 1092 873 1122 55.

815 1325 868 1356 60.

812 1560 865 1591 65.

812 1795 865 1827 70.

908 296 1118 336 Propugnate‚
1147 295 1302 327 custodite

907 342 952 375 Et
979 343 1131 375 salvando
1156 342 1320 374 subvenite

906 389 1006 422 Nobis
1031 398 1091 428 ope
1116 389 1273 421 destitutis

906 436 948 468 Et
975 437 1014 468 de
1038 436 1104 467 vita
1126 436 1209 468 male
1233 437 1309 468 tutis

910 484 1043 523 Propter
1066 483 1171 514 hostes
1195 483 1392 515 imminentes

904 530 950 562 Et
973 531 1015 562 ad
1041 530 1163 569 culpam
1179 539 1236 561 nos
1254 529 1424 562 trahentes.

905 576 1000 617 Ecce,
1026 577 1132 608 hostes
1157 576 1330 618 furibundi,

905 623 1020 655 Mortis
1045 626 1172 655 nostrae
1197 623 1359 664 sitibundi,

906 669 1093 710 Corporales
1119 673 1151 701 et
1171 670 1265 703 invisi

905 715 970 747 Nos
981 717 1178 748 circumdant
1185 717 1241 756 sic,
1256 717 1349 756 quod,
1363 717 1424 749 nisi

902 763 956 795 Ad
973 772 1038 805 nos,
1065 772 1156 795 sacer
1174 763 1248 804 dux,
1274 765 1313 795 de
1331 764 1425 795 caelis

903 809 981 843 Cum
1006 812 1134 842 caterva
1158 814 1212 842 tua
1236 811 1315 842 velis

904 855 1050 889 Gratiose
1076 857 1244 896 declinare,

901 904 1144 936 succumbemus
1168 912 1269 943 neque
1293 905 1379 935 stare

901 950 1029 989 Quimus
1054 950 1131 981 belli
1154 953 1342 991 tempestate

899 997 977 1028 Tam
1000 997 1089 1036 gravi
1113 997 1311 1030 necessitate.

899 1044 1012 1076 Omnes
1029 1046 1143 1086 autem,
1163 1047 1315 1084 quotquot
1332 1045 1422 1083 estis,

898 1090 981 1129 Quos
999 1091 1040 1122 ad
1053 1094 1194 1122 nostrum
1209 1099 1266 1122 rex
1281 1091 1425 1123 caelestis

898 1136 1098 1169 Famulatum
1125 1138 1291 1177 deputavit

898 1183 1026 1224 Nosque
1049 1184 1139 1216 vobis
1166 1184 1407 1226 commendavit,

898 1231 1097 1262 Adiutrieem
1121 1231 1291 1272 porrigatis

896 1277 1025 1309 Manum
1050 1278 1140 1310 nobis
1166 1279 1325 1310 sauciatis.

897 1325 1071 1364 Seraphim,
1098 1334 1153 1357 vos
1174 1325 1368 1365 invocamus,

898 1371 1078 1413 Cherubim,
1107 1375 1137 1403 et
1160 1380 1215 1403 vos
1241 1381 1374 1413 oramus,

896 1419 995 1451 Omne
1019 1427 1142 1458 quoque
1166 1419 1349 1458 angelorum

893 1465 1016 1504 Agmen
1042 1467 1074 1496 et
1098 1465 1371 1508 archangelorum,

893 1511 1037 1543 Thronos
1065 1514 1097 1543 et
1122 1512 1352 1545 dominationes

894 1559 1118 1598 virtutumque
1141 1559 1290 1599 legiones,

893 1607 1082 1644 Potestates,
1111 1606 1320 1646 principatus,

893 1654 939 1687 Ut
954 1662 1052 1692 mens,
1069 1661 1192 1694 corpus,
1206 1654 1293 1685 vitae
1305 1657 1417 1697 status,

891 1699 1010 1740 Motus,
1042 1709 1152 1732 sensus
1176 1704 1324 1733 tueantur

890 1747 1001 1779 Nostri
1024 1756 1083 1788 per
1107 1757 1163 1780 vos
1189 1750 1222 1778 et
1244 1752 1403 1789 regantur.

893 1796 946 1828 Sic
969 1804 1026 1826 nos
1051 1794 1140 1827 vobis
1166 1795 1280 1827 sociari

889 1843 1081 1882 Mereamur,
1107 1842 1266 1882 speculari

889 1890 1019 1921 Vultum
1045 1899 1185 1922 summae
1209 1890 1361 1922 trinitatis

891 1937 967 1969 Post
991 1937 1073 1969 hanc
1095 1937 1191 1969 vitam
1216 1945 1283 1968 cum
1302 1937 1416 1970 beatis.

193 2059 272 2087 Orat.
293 2067 346 2086 ms.
368 2058 551 2087 Carthusian.
572 2067 646 2087 saec.
663 2056 705 2086 15.
735 2059 803 2087 Cod.
823 2059 915 2095 Capit.
935 2059 1084 2086 Treviren.
1108 2057 1169 2087 116.
1183 2073 1222 2078 -—
1241 2057 1267 2093 5,
1282 2057 1299 2086 5
1323 2059 1414 2092 Quod.

572 2170 638 2202 256.
672 2169 716 2202 De
735 2171 844 2202 sancta
862 2171 961 2202 Anna.

186 2251 210 2283 Ο
235 2251 331 2284 Anna
356 2250 539 2290 clarissima,

230 2299 324 2339 piaca
348 2300 434 2331 tuam
459 2301 565 2333 natam

184 2345 285 2379 Nobis
307 2346 372 2381 suis
397 2344 535 2387 famulis,

230 2397 266 2426 ut
288 2397 359 2434 post
389 2394 472 2426 hanc
496 2393 654 2426 sublatam

865 2251 974 2285 Vitam
998 2260 1056 2283 nos
1082 2250 1123 2283 ad
1147 2250 1285 2291 patriam

914 2300 1009 2332 ducat
1033 2300 1265 2338 praeparatam,

864 2346 910 2379 Ut
933 2346 1090 2385 possimus
1114 2353 1243 2378 cernere

910 2392 1023 2425 faciem
1049 2393 1184 2427 beatam.

1200 2445 1216 2474 9
1231 2447 1240 2462 i-
