1655 2573
737 143 1054 198 -188-.

238 327 270 359 1.
296 323 462 360 Scrutatur
486 327 525 358 ab
549 324 685 357 infantia

338 375 451 406 Pectus
475 373 566 404 huius
590 380 709 403 merum

291 421 467 459 Praecepta
492 427 559 450 cum
584 417 751 458 flagrantia

339 465 518 499 Conditoris
543 473 657 502 rerum,

291 513 335 545 Et
358 513 457 544 ubera
480 511 656 551 fragrantia

336 559 417 592 Sunt
440 558 523 597 huic,
549 557 649 590 Deum
675 565 784 590 verum

289 605 327 637 In
349 605 462 636 iuvene
485 604 636 636 lactantia

337 651 572 691 Antiquumque
598 651 727 682 dierum.

259 770 266 778 .
292 740 354 777 Est
376 747 487 777 venter
509 745 600 776 huius
626 752 748 785 aurem,

337 792 523 832 Argenteus,
543 791 662 830 beatus,

290 838 350 870 Est
372 837 483 869 merito
509 838 663 869 eburneus

334 885 379 916 Et
407 892 564 923 gemmeus
588 887 726 926 vocatus,

290 932 440 963 Portatur
465 940 524 970 quo
549 930 713 962 aethereus

338 977 501 1009 Caelorum
526 977 706 1016 advocatus,

292 1024 353 1055 Per
378 1032 470 1063 quem
492 1025 576 1055 iacet
600 1024 744 1064 vipereus

335 1070 402 1101 Iam
429 1071 557 1102 coluber
579 1074 768 1109 prostratus.

259 1187 265 1193 .
290 1160 417 1196 Revera
442 1163 517 1194 celsi
535 1163 607 1195 solii

334 1210 417 1241 Dum
440 1210 567 1241 nuntius
591 1209 723 1251 legatur,

291 1255 352 1288 Cor
375 1256 466 1287 huius
490 1257 590 1287 instar
614 1254 682 1287 folii

337 1303 515 1334 Palmarum
540 1303 679 1334 elevatur

288 1349 330 1380 Et
355 1353 390 1380 ut
414 1350 547 1388 repandi
571 1349 631 1379 lilii

336 1395 390 1427 Sic
412 1404 509 1434 supra
534 1395 692 1434 dilatatur,

290 1441 374 1472 Dum
398 1440 516 1473 flebant
539 1441 627 1473 Evae
650 1441 717 1484 filii,

333 1488 416 1520 ane
441 1488 560 1520 ancilla
585 1486 679 1519 fatur.

256 1606 262 1613 .
288 1578 441 1622 Virginea
464 1581 607 1613 decentia

334 1628 387 1659 Ad
411 1628 511 1658 instar
535 1627 660 1667 plumae
686 1628 765 1668 cigni

289 1673 368 1705 Sunt
391 1673 521 1705 brachia
540 1674 672 1706 nitentia

333 1721 384 1752 Ex
407 1721 554 1759 aloesque
576 1721 654 1760 ligni

291 1767 395 1799 Odore
419 1767 604 1804 redolentia,

334 1814 450 1846 Divino
475 1816 550 1853 apta
573 1814 648 1854 igni,

287 1860 446 1900 Amplecti
472 1869 540 1891 cum
566 1859 744 1900 frequentia

335 1907 359 1939 O
384 1907 411 1939 si
437 1915 572 1939 essemus
600 1908 698 1948 digni!

255 2027 261 2033 .
289 1997 412 2040 Ingenti
434 2001 670 2040 pulchritudine

332 2047 413 2079 Sunt
435 2057 546 2079 manus
571 2048 748 2087 decoratae,

284 2093 417 2125 Decenti
440 2094 636 2134 longitudine

334 2140 410 2172 Cum
436 2141 542 2180 digitis
567 2145 705 2182 ornatae,

285 2185 434 2218 Donandi
458 2188 637 2226 aptitudine

335 2233 420 2271 Quae
443 2234 570 2265 minime
594 2237 726 2274 seratae,

287 2279 349 2311 Sed
376 2280 473 2312 dandi
496 2281 746 2319 promptitudine

333 2326 413 2358 Sunt
436 2327 549 2366 aquilis
574 2327 746 2366 praelatae.

833 238 894 272 ΠΙ.

901 2001 951 2034 10.

985 320 1158 355 'I'ornatilis
1184 323 1233 353 est
1258 321 1391 353 dextera

1030 368 1191 401 Virtutum
1215 368 1365 408 genitiva,

984 415 1044 447 Est
1070 418 1100 446 et
1124 423 1193 446 cum
1218 415 1310 447 novis
1335 416 1444 447 vetera

1033 461 1262 495 charismatum
1289 462 1407 501 dativa,

983 509 1044 541 Est
1066 509 1237 548 plurimum
1258 509 1300 540 ad
1325 508 1457 539 aethera

1032 555 1163 588 Suorum
1189 555 1344 595 vocativa,

985 602 1039 634 Sic
1064 604 1112 633 est
1137 605 1169 633 et
1191 603 1275 634 inter
1300 605 1406 633 cetera

1054 649 1172 681 Reatus
1197 649 1347 683 ablativa.

951 768 958 776 .
984 740 1108 777 ornatu
1133 743 1353 775 decentissimo

1031 790 1123 822 Stant
1146 797 1253 830 coxae,
1278 799 1369 830 genu,
1398 798 1491 822 crura

984 836 1048 868 Sub
1072 836 1185 868 ordine
1206 836 1381 868 rectissimo

1030 883 1106 916 Cum
1131 883 1250 923 plantis
1274 883 1331 915 tali
1357 892 1439 926 sura,

983 931 1020 962 In
1046 932 1130 962 statu
1154 929 1344 962 solidissimo

1028 977 1075 1010 Ut
1099 976 1187 1016 virgo
1212 976 1306 1008 sistat
1329 985 1418 1018 pura,

982 1023 1034 1055 Sic
1058 1023 1179 1062 placuit
1203 1023 1365 1063 altissimo,

1029 1071 1127 1109 Quem
1151 1070 1264 1101 metuit
1287 1073 1409 1102 natura..

981 1160 1139 1205 Reorque,
1166 1163 1249 1203 quod
1273 1162 1428 1195 lactifluos

1027 1209 1099 1242 Non
1124 1210 1180 1241 dat
1202 1213 1316 1241 natura
1340 1209 1420 1241 tales

981 1257 1083 1288 Pedes
1107 1265 1237 1296 prorsus
1262 1255 1440 1293 mellifluos,

1028 1303 1086 1342 Tu,
1111 1303 1209 1343 virgo,
1237 1307 1342 1342 gestas
1367 1303 1485 1343 quales,

981 1351 1019 1381 In
1043 1350 1145 1389 gratia
1161 1348 1318 1390 rorifluOS,

1027 1396 1113 1435 Quae
1136 1397 1182 1428 nii
1205 1404 1323 1436 negare
1347 1396 1445 1436 vam,

981 1443 1047 1474 Nos
1072 1443 1104 1473 in
1131 1444 1246 1474 delicto
1267 1442 1406 1482 profluos

1029 1489 1182 1521 Caelestis
1207 1490 1274 1521 alas
1299 1490 1375 1522 ales.

949 1608 955 1614 .
980 1579 1139 1614 Altissimi
1163 1583 1220 1614 itin
1225 1583 1286 1614 eris

1026 1629 1064 1660 In
1091 1637 1200 1668 gressu
1225 1637 1332 1661 servas
1358 1629 1456 1670 pedes

980 1674 1041 1717 Sic,
1069 1676 1152 1714 quod
1177 1676 1216 1707 ab
1242 1676 1332 1708 annis
1358 1677 1474 1708 teneris

1026 1721 1094 1754 Hos
1117 1723 1227 1762 lapide
1249 1732 1313 1754 non
1336 1723 1456 1762 laedes,

980 1768 1139 1801 Memento
1164 1770 1265 1801 nostri
1290 1771 1406 1807 oneriS,

1029 1815 1107 1848 Cum
1131 1815 1196 1848 filio
1223 1816 1294 1848 dum
1321 1818 1423 1859 sedes,

980 1862 1046 1894 Nos
1071 1862 1223 1895 Abrahae
1245 1866 1282 1894 ut
1305 1865 1429 1904 generis

1028 1909 1158 1941 Fiamus
1184 1910 1365 1945 coheredes,

979 2000 1047 2035 Lux
1072 2005 1210 2036 omnium
1233 2005 1459 2044 pulcherrima,

1032 2051 1256 2091 &aerumans
1283 2052 1427 2093 honesta,

982 2097 1029 2128 Te
1053 2096 1137 2129 fama
1163 2098 1373 2132 celeberrima

1031 2144 1115 2177 Gens
1139 2149 1311 2185 praerogat
1333 2146 1478 2178 modesta

981 2191 1023 2222 Et
1048 2191 1142 2222 laude
1167 2201 1236 2223 cum
1261 2192 1454 2225 creberrima

1033 2237 1086 2269 Sic
1109 2241 1165 2270 tua
1187 2242 1298 2270 narrat
1321 2244 1419 2279 gesta,

983 2284 1072 2322 Quod
1097 2288 1184 2318 muta
1208 2285 1251 2317 sit
1274 2287 1430 2318 acerrima

1032 2330 1099 2361 Vox
1128 2332 1250 2371 aspidis
1275 2332 1411 2367 funesta..
