1655 2573
653 112 885 148 *49*

516 210 549 245 5.
574 210 676 253 Ave,
702 209 796 242 stella
820 212 854 242 tu
877 209 1009 251 polam,

571 257 619 290 Te
641 256 769 290 ornavit
788 264 848 289 rex
872 256 995 297 solaris,

570 304 685 337 Turbis
711 305 790 337 caeli
813 303 908 345 iunge
933 304 1025 343 caris,

571 351 622 384 Da
644 352 704 384 hoc
728 351 801 391 frui,
828 360 888 391 quo
910 350 1050 384 laetaris.

563 487 617 519 113.
651 487 757 519 Oratio
779 488 818 519 ad
841 487 978 519 eandem.

131 577 162 609 1.
188 578 297 619 Ave,
323 576 438 609 nobilis
462 575 610 615 Birgitta,
810 577 840 609 3.
870 575 1025 615 Gaude,
1052 584 1174 615 gemma
1198 576 1356 615 puritatis,

184 623 283 655 Tecta
307 622 484 655 sanctitatis
508 622 598 664 vitta,
868 621 1024 654 Scrinium
1050 630 1082 653 es
1109 621 1246 661 deitatis,

186 669 312 701 Summo
335 669 404 700 Deo
431 668 586 708 copulata,
867 668 966 700 Serva
989 677 1083 700 manu
1106 669 1235 708 pietatis

188 716 255 747 Iam
279 716 313 747 in
338 716 433 747 caelis
459 717 620 748 coronata.
866 714 933 747 Nos
957 714 997 746 ab
1021 714 1112 747 hoste
1135 716 1312 755 potestatis.

128 774 158 805 2.
186 772 324 815 Salve,
352 780 427 804 arca
451 774 654 811 secretorum,
809 773 840 804 4.
867 770 992 814 Vale,
1020 771 1138 804 Christi
1162 774 1199 803 tu
1222 771 1366 813 amatrix,

184 820 231 852 Te
257 819 375 851 direxit
398 828 454 851 rex
481 819 648 860 caelorum,
864 819 980 850 Potens
1004 819 1083 851 caeli
1106 818 1302 860 1mperatrix‚

183 866 302 898 Tecum
335 866 427 898 duxit
456 867 575 898 castum
599 867 734 906 thorum,
868 865 997 898 Gratiae
1021 865 1064 897 sis
1090 866 1259 909 exoratrix,

184 913 277 946 Socia
301 921 334 944 es
358 912 553 953 angelorum.
863 912 995 954 Semper
1018 915 1128 945 nostra
1151 912 1195 945 sis
1219 913 1386 945 salvatrix.

554 1068 611 1100 114.
646 1068 752 1100 Oratio
774 1068 814 1099 ad
835 1067 972 1099 eandem.

123 1158 152 1191 1.
181 1157 324 1197 Salve,
350 1156 460 1197 sponsi
476 1157 559 1196 regis
586 1158 732 1198 castrum,
804 1158 836 1190 2.
863 1156 1005 1199 Salve,
1032 1157 1134 1189 redux
1157 1157 1372 1196 reproborum,

181 1205 219 1236 In
244 1204 382 1244 planetis
407 1202 530 1243 fulgens
557 1206 685 1245 astrum,
862 1203 910 1235 Tu
935 1202 1075 1236 solamen
1100 1212 1332 1244 oppressorum,

181 1250 270 1283 Ebur
293 1251 398 1283 nitens
422 1250 626 1292 alabastrum,
862 1250 1028 1283 Advocata
1047 1252 1242 1291 miserorum,

227 1297 302 1338 Res,
328 1305 401 1338 spes
427 1306 459 1329 es
483 1297 705 1338 pulcherrima.
906 1297 986 1340 Lux,
1012 1306 1086 1339 nux,
1123 1297 1186 1329 dux
1209 1298 1411 1337 prudentiae.

177 1345 281 1385 Salve,
306 1354 428 1376 morum
451 1344 624 1384 inductiva,
856 1343 959 1382 Salve,
986 1344 1157 1383 splendens
1182 1344 1363 1384 margarita,

181 1391 380 1424 secretorum
402 1391 591 1431 susceptiva,
857 1390 981 1431 Sponsa
1006 1389 1124 1422 Christi
1147 1390 1307 1431 redimita,

178 1438 333 1470 Vitiorum
359 1438 545 1477 correctiva,
856 1436 1012 1476 Sponsum
1037 1445 1170 1478 sequens
1196 1438 1284 1471 clara
1310 1437 1384 1480 vita,

225 1484 295 1526 Cos,
320 1494 381 1522 ros,
410 1485 467 1517 dos
490 1484 679 1525 gratissima.
902 1484 967 1524 lus,
993 1484 1077 1524 thus,
1102 1492 1157 1515 rus
1181 1482 1386 1523 fragrantiae.

444 1551 475 1585 3.
503 1549 644 1590 Salve,
669 1549 831 1590 speculum
857 1550 993 1592 virtutis,

497 1597 528 1630 A
551 1606 702 1638 pressura
725 1597 888 1629 servitutis

499 1644 571 1677 Duo
592 1653 652 1677 nos
676 1644 719 1678 ad
741 1647 869 1684 portum
894 1644 1007 1677 salutis

546 1693 585 1726 In
608 1700 746 1732 superna
769 1691 893 1735 patria3

504 1739 608 1779 Salve,
634 1748 751 1779 sponsa
775 1739 889 1771 summi
911 1739 982 1777 Dei,

505 1786 574 1819 Nos
598 1786 638 1818 ab
664 1788 753 1819 aestu
776 1786 869 1819 huius
893 1787 963 1827 spei

505 1832 659 1866 Transfer
683 1833 724 1867 ad
749 1833 905 1874 promissa
927 1835 975 1866 rei

556 1906 913 1915 .......

555 2035 609 2068 115.
643 2033 747 2067 Oratio
769 2034 810 2067 ad
828 2034 965 2067 eandem.

115 2127 144 2161 1.
172 2128 253 2169 Ave,
279 2126 428 2166 Birgitta,
454 2134 571 2165 sponsa
597 2124 725 2165 Christi,
799 2126 830 2159 2.
858 2124 979 2165 Gaude,
1005 2124 1091 2156 mitis
1116 2125 1148 2155 et
1172 2122 1297 2163 decora,

170 2175 221 2208 Tu
244 2183 327 2216 quae
351 2174 447 2215 digne
470 2173 615 2206 meruisti
856 2172 1012 2212 Sponsum
1038 2175 1127 2204 tuum
1150 2180 1235 2203 nuno
1260 2179 1367 2213 exora,

215 2222 387 2256 Sublimari
409 2221 520 2264 gloria,
904 2220 951 2255 Ut
974 2228 1093 2260 pronus
1118 2218 1161 2250 sit
1184 2219 1224 2251 ad
1252 2218 1385 2261 veniam,

171 2269 293 2304 Chorus
316 2273 427 2302 noster
451 2272 483 2301 te
508 2268 678 2311 collaudat,
857 2267 977 2300 Nostra
1000 2266 1077 2299 felix
1104 2275 1136 2299 es
1160 2269 1306 2308 patrona,

168 2318 266 2351 Plebs
292 2317 438 2351 caelestis
460 2319 494 2349 te
516 2317 654 2350 honorat
857 2316 956 2348 Artus
979 2318 1106 2348 nostros
1127 2316 1164 2345 tu
1188 2314 1338 2354 guberna,

216 2367 257 2399 In
279 2364 410 2398 caelesti
435 2364 533 2399 curia.
901 2363 954 2395 Da
977 2365 1010 2394 te
1034 2361 1199 2403 quaerenti
1223 2362 1367 2402 gratiam.

1222 2415 1242 2443 4

153 2426 207 2449 Blu
213 2431 265 2452 me,
285 2424 329 2447 Pia
344 2423 488 2447 Dictaminn.
