1655 2573
762 160 1016 195 -176—.

257 278 263 287 .
282 282 291 290 .
315 258 456 292 Favores
482 260 513 289 et
533 258 633 290 minas
658 257 741 298 regis
951 255 982 287 9.
1009 253 1055 286 Ob
1082 252 1141 283 hoc
1165 260 1222 285 rex
1240 251 1325 283 misit
1349 254 1486 285 armatos

362 304 496 344 Angliae
521 304 747 344 contempsisti,
1056 303 1141 352 tuam
1165 308 1198 329 in
1219 299 1409 352 ecclesiam.
1429 346 1435 351 -

313 351 391 382 Eius
414 355 487 382 vota
511 351 729 382 contradicens
1008 349 1066 386 Qui
1092 348 1124 376 te
1149 346 1315 377 caedentes
1341 351 1454 386 capitis

362 406 430 428 cum
456 400 542 428 truce
568 397 749 428 discessisti.
1054 394 1259 432 amputarunt
1282 401 1439 430 coronam,

281 477 289 485 .
316 453 369 484 Sic
392 455 463 491 post
489 453 641 483 clamant:
670 451 780 490 Capite
1010 440 1064 471 51⁰
1088 439 1310 492 eXGPrebl'afu?
1334 440 1451 478 migras

363 498 463 529 furem
489 501 519 528 et
544 498 749 539 proditorem,
1055 487 1097 518 ad
1123 488 1220 517 vitam
1245 486 1303 517 t1b1
1328 496 1470 526 pronam.

315 544 367 576 Ad
391 553 505 583 papam
531 543 613 583 fugis
637 546 671 574 ut
696 544 737 575 ad

359 593 458 621 tutum
486 588 600 632 (tuum)
626 593 845 629 protectorem·
928 572 982 604 10.
1008 571 1062 602 Ad
1085 571 1213 602 missam
1239 573 1303 603 tum
1330 571 1470 610 requiem

1056 627 1075 649 a
1100 618 1184 649 clero
1209 617 1385 660 inchoatur,

281 673 287 679 ·
314 646 376 677 Hic
399 649 431 677 te
455 646 496 677 ad
519 646 738 678 pontiniacum
1007 664 1100 696 Mox:
1128 664 1384 697 Laetabitur
1407 665 1533 696 iustus

358 693 444 724 miSit
466 693 698 735 ”mnasoerium’
1054 712 1086 742 in
1112 711 1248 743 aetheris
1274 714 1429 752 cantatur,

314 739 376 771 Ubi
402 742 433 771 et
458 740 490 771 in
515 739 653 771 Fr³¹³⁶ia
1007 758 1060 790 Sic
1085 759 1175 790 dolor
1199 761 1231 790 et
1252 758 1375 798 genitus

359 787 554 826 complevisti
581 787 733 818 exsilium.
1052 805 1084 836 in
1109 805 1257 845 gaudium
1281 807 1436 838 mutatur·

268 845 287 875 ⁵.
312 843 401 874 Tunc
424 851 481 874 rex
505 846 560 874 tua
584 846 614 874 et
637 845 761 875 tuorum

358 889 461 920 omnia
487 889 617 929 diripuit
927 880 978 912 11.
1004 880 1043 912 111
1067 883 1099 911 te
1123 882 1270 911 necantes
1295 880 1373 911 ultio

314 935 364 966 Ac
388 939 472 966 tuam
497 936 678 976 progeniem
1049 926 1111 958 Dei
1135 926 1305 979 saeviebat,
1384 974 1389 980 Ι

357 982 465 1013 exsilio
493 982 662 1015 damnavit,
1007 974 1089 1012 Quos
1113 982 1228 1014 sames,
1255 974 1422 1014 dement1a,

1007 1020 1168 1059 Paralysis
1193 1023 1224 1051 et
1248 1019 1334 1051 furia

277 1062 283 1068 .
310 1038 450 1069 Tandem
474 1047 554 1069 anno
580 1038 712 1077 septimo
1053 1066 1172 1099 Misere
1197 1067 1344 1100 vexabat.

356 1084 527 1125 permissus
552 1085 658 1116 redire

308 1130 353 1162 Et
376 1134 521 1170 receptus
546 1135 581 1162 Ut
604 1132 707 1171 ΡΓΪῐΠΟ
925 1142 978 1175 12.
1003 1141 1117 1173 Sancte
1139 1141 1269 1181 Thoma,
1296 1150 1386 1173 serve
1410 1141 1480 1185 Dei,

355 1178 463 1209 nolens
490 1179 676 1218 consentire,
1005 1189 1123 1220 Precor
1146 1190 1187 1230 te,
1214 1190 1369 1220 memento
1393 1189 1456 1220 mei

277 1257 285 1265 .
312 1234 375 1265 Sed
399 1232 482 1265 fidus
508 1234 660 1266 ecclesiae
1051 1235 1111 1267 Pie
1132 1235 1218 1274 apud
1242 1235 1422 1273 Dominum,

352 1280 423 1311 iura
446 1280 613 1314 libertates
1005 1282 1051 1314 Ut
1074 1284 1126 1313 tuo
1151 1282 1204 1321 pio
1229 1284 1361 1321 precatu

307 1325 487 1358 Defendisti
510 1328 611 1359 libere
1009 1329 1182 1360 Absolutus
1207 1338 1226 1360 a
1250 1330 1342 1360 reatu

351 1382 412 1404 non
438 1374 550 1405 timens
573 1377 756 1413 potestates.
1054 1376 1115 1408 Per
1139 1378 1172 1406 te
1196 1376 1255 1407 sim
1279 1376 1313 1407 in
1337 1375 1448 1415 gratia,

590 1431 642 1462 13.
670 1431 724 1463 Pie
748 1434 779 1462 et
801 1435 883 1464 iuste
908 1432 1051 1475 vivendo,

665 1477 802 1516 Singulis
826 1488 916 1510 suum
940 1478 1104 1510 reddendo

714 1523 781 1555 Deo
808 1527 840 1555 et
862 1525 1052 1566 hominibus,

670 1571 713 1603 Ut
735 1573 863 1602 vocatus
889 1573 931 1603 ad
957 1580 1087 1603 examen

669 1616 786 1648 Contra
800 1626 851 1648 me
866 1627 928 1649 non
946 1618 989 1649 sit
999 1626 1183 1659 gravamen·⁵

714 1662 783 1694 Hoc
808 1664 903 1696 donet
926 1666 1025 1697 Iesus.
1073 1665 1186 1696 Amen.

317 1713 394 1740 Orat.
416 1723 457 1741 ms
490 1714 672 1743 Carthusian.
693 1725 767 1745 sace.
790 1716 833 1745 15.
872 1719 941 1747 Cod.
963 1719 1056 1755 Capit.
1076 1720 1225 1747 Treviren.
1248 1718 1310 1748 116.

599 1805 664 1836 329.
695 1806 738 1838 De
758 1816 781 1838 s.
804 1808 917 1840 'l'homa
938 1809 1162 1842 Gantuariensi.

278 1896 284 1902 .
312 1872 430 1910 Gaude,
458 1877 578 1914 martyr
602 1876 750 1916 laureate,
925 1880 955 1911 3.
978 1880 1027 1911 Tu
1052 1880 1162 1912 diatim
1188 1883 1220 1912 te
1242 1880 1361 1914 flexisti

311 1919 537 1959 Archipraesul
562 1921 695 1954 infulate
982 1926 1132 1967 Genibus,
1158 1928 1256 1967 pedes
1281 1929 1390 1961 lavisti

356 1966 476 1998 Thoma
502 1968 699 2010 Cantmriae,
1027 1974 1194 2006 Tredecim
1219 1976 1422 2017 pauperibus,

314 2012 406 2052 Virgo
431 2014 514 2045 lacte
540 2014 695 2057 dealbate,
981 2020 1098 2060 Cuivis,
1127 2021 1198 2053 dum
1224 2022 1281 2054 hos
1306 2024 1434 2064 pavisti,

308 2058 411 2091 Multa
434 2059 536 2100 fulges
563 2062 725 2105 dignitate,
980 2066 1130 2099 Nummos
1155 2071 1304 2108 quattuor
1329 2070 1445 2103 dedisti

353 2106 447 2146 Regis
474 2109 671 2142 cancellarie.
1025 2115 1087 2146 Pro
1112 2115 1183 2146 viae
1206 2117 1398 2149 muneribus.

252 2162 281 2191 0.
309 2160 456 2195 Sanctum
479 2164 617 2195 studium
643 2167 777 2198 caeleste
921 2170 952 2201 4.
980 2170 1026 2201 Ob
1054 2171 1218 2202 ecclesiam
1242 2173 1403 2215 tuendam,

307 2206 394 2238 Clam
418 2208 475 2239 sub
501 2210 628 2242 cilicina
650 2216 737 2243 veste
979 2217 1063 2247 Iram
1087 2218 1172 2256 regis
1198 2220 1400 2251 metuendam

355 2254 506 2286 Occulens
531 2256 700 2296 subtiliter,
1021 2262 1093 2294 Non
1116 2264 1216 2295 movit
1238 2268 1271 2296 te
1294 2267 1386 2308 ratio,

307 2301 399 2333 Omni
425 2302 509 2333 cultu
532 2303 700 2335 manifeste
974 2309 1019 2340 Ut
1041 2309 1169 2341 Naboth
1193 2311 1235 2342 ad
1262 2311 1496 2348 defendendam

306 2348 513 2380 Concordasti
537 2351 570 2380 te
592 2350 722 2383 honeste
978 2355 1111 2387 Vineam
1136 2360 1168 2387 et
1191 2367 1254 2389 non
1277 2360 1478 2395 vendendam

350 2394 432 2426 Aliis
456 2396 612 2435 pariliter.
1023 2403 1119 2443 Regis
1143 2404 1328 2446 indignatio.
