1655 2573
645 152 688 158 —
739 131 903 167 155—

514 223 582 255 294.
614 225 658 255 De
677 232 701 255 s.
722 224 861 256 1011311113
883 223 1035 264 Baptista.

137 292 172 326 1.
197 292 223 324 O
248 291 402 324 virtutum
427 302 485 325 arx
510 299 542 327 et
564 298 696 334 scutum,
873 295 954 325 Arto
978 294 1065 325 victu
1090 295 1122 323 et
1146 292 1262 324 amictu

195 338 247 372 Da
270 338 428 371 Iohannes
453 340 539 380 pium
564 344 683 381 nutum,

195 386 263 417 Fac
287 393 338 417 me
364 387 450 418 clare
475 388 508 418 te
531 388 673 422 laudare,

196 433 220 464 Ο
246 433 348 464 3111100
372 432 491 465 Christi
516 443 600 474 care,

195 479 277 511 Nam
302 481 479 520 prophetae
502 484 576 512 ante
598 481 682 513 laete

192 526 437 565 Prophetabant
459 528 553 567 longe
580 528 619 559 de
642 530 675 558 te

243 572 361 605 illustri
385 574 491 606 laudis
518 574 648 606 calamo.

198 619 277 651 Cum
302 619 424 652 faetore
448 629 532 652 1111110
554 620 674 652 honore

194 666 271 698 Pari
296 666 410 707 fulges,
435 676 518 699 1111110
542 667 672 708 maiore,

196 713 221 745 Ο
248 712 391 753 benigne,
418 722 477 752 per
495 713 620 753 insigne

197 760 319 799 Angelo
346 760 456 792 eodem
483 760 576 800 digne

195 807 245 839 Tu
270 805 441 846 praefaris,
465 808 649 846 nominaris,

195 853 244 885 Tu
269 854 302 885 in
328 854 445 894 templo
469 855 638 892 nuntiaris,

241 900 386 934 Christus
411 903 533 933 tantum
557 900 591 933 in
617 902 742 933 talarno.

162 981 169 989 .
196 956 267 988 Non
293 957 444 996 occultas,
472 957 529 988 sed
555 957 703 998 exsultas,

193 1004 331 1035 Matrem
350 1003 468 1035 Christi
487 1003 560 1034 dum
574 1004 741 1044 auscultas,

194 1049 298 1083 Solvis
323 1053 428 1091 grates
454 1060 553 1082 novus
578 1053 678 1091 vates,

197 1097 280 1129 Dum
304 1097 338 1129 in
363 1097 473 1129 matris
495 1097 569 1129 alvo
594 1097 685 1139 lates,

197 1144 312 1176 Statim
333 1147 427 1176 natus
450 1144 515 1176 iam
538 1147 692 1184 sacratus,

195 1191 392 1224 Reverenter
415 1199 447 1222 es
468 1192 591 1223 levatus

241 1238 350 1270 Pn’mo
374 1238 499 1270 Mariae
522 1238 677 1271 manibus

198 1285 320 1318 Christi
342 1288 440 1328 sator,
466 1285 709 1325 praeclamator,

195 1333 276 1372 Vox,
301 1341 503 1373 praecursor,
525 1335 744 1372 praeparator,

193 1380 243 1411 Tu
267 1379 397 1421 lucerna
420 1380 462 1411 ad
486 1389 626 1419 superna

194 1426 328 1465 Lucens,
355 1427 468 1459 missus
494 1427 535 1458 ad
560 1425 696 1466 inferna,

195 1473 317 1505 Doctor
337 1482 464 1514 guaruS,
489 1477 612 1513 martyr
630 1472 744 1513 clarus,

196 1521 338 1561 Angelus
360 1523 393 1552 et,
416 1521 503 1562 virgo
530 1530 622 1552 carus

243 1567 289 1600 Es
314 1567 398 1600 liber
420 1567 460 1599 ab
484 1567 642 1601 inanibus,

142 1626 172 1657 3.
199 1624 318 1656 Faetor
341 1632 446 1656 serum
470 1628 535 1657 tam
560 1624 716 1656 sincerum

196 1672 285 1704 Inter
306 1674 398 1704 natos
422 1672 589 1704 mulierum

196 1719 243 1751 Te
266 1719 414 1759 sacravit,
440 1722 473 1750 te
497 1719 650 1760 laudavit,

192 1766 240 1798 Te
264 1766 417 1799 maiorem
439 1766 650 1806 praedicavit,

195 1813 278 1846 Nam
290 1813 488 1846 ‘cunctorum
512 1816 547 1845 tu
563 1817 744 1845 sanctorum

195 1859 275 1893 Fers
299 1859 513 1901 perfectiones
538 1867 660 1893 morum

240 1909 517 1948 Transcendisque
541 1907 716 1942 sublimius,

873 341 910 372 In
937 340 1062 371 deserto
1089 347 1157 371 oum
1182 338 1304 371 afflictu

873 387 936 419 Pro
960 389 1026 419 tam
1050 386 1132 419 raris
1158 385 1343 425 diffamaris,

874 433 1017 466 Christus
1043 442 1112 465 esse
1135 433 1305 473 reputaris,

874 481 988 513 Omnes
1011 489 1086 513 vere
1110 483 1235 512 sanctos
1260 486 1346 511 mere

873 528 928 560 Sic
953 528 1009 559 dat
1031 526 1141 559 foedos
1166 535 1321 567 apparere

920 575 1006 606 Tuus
1031 577 1131 606 status
1158 574 1299 607 eximius.

839 655 846 663 .
873 630 897 662 Ο
924 630 1073 670 baptista,
1101 632 1149 660 est
1171 630 1239 661 laus
1263 630 1326 661 ista

872 676 960 707 Tuae
985 676 1148 715 dignitatis
1173 676 1262 715 cist-a,

874 722 963 760 Quod
977 725 1052 761 post
1067 730 1194 762 gregem
1207 731 1305 762 supra
1320 724 1421 761 legem

873 769 1050 808 Baptizasti
1075 778 1228 801 summum
1253 777 1369 811 regem,

873 815 969 854 Quem
979 816 1040 847 iam
1051 825 1163 856 agnum
1176 815 1265 847 iuxta
1274 819 1417 856 stagnum

873 863 1049 895 Ostendisti
1071 862 1166 894 laude
1189 872 1345 902 maguum,

919 910 1097 942 Tollentem
1121 910 1232 941 mundi
1257 906 1397 942 erimina.

872 957 977 989 Prava
1001 959 1075 988 veta
1099 959 1130 987 et
1156 957 1196 988 da
1219 957 1312 999 laeta,

875 1004 957 1035 Vere
981 1006 1015 1034 tu
1039 1003 1110 1041 plus
1135 1011 1228 1042 quam
1251 1003 1418 1043 propheta,

872 1051 1041 1083 Institutor
1065 1052 1097 1081 et
1119 1050 1268 1093 imbutor,

873 1096 1061 1128 Paenitendi
1084 1097 1126 1128 sis
1151 1095 1287 1136 adiutor,

870 1143 917 1175 Ut
939 1144 1114 1183 rependam
1137 1144 1191 1175 hie
1214 1144 1379 1175 emendam

871 1190 1016 1232 Dignam,
1039 1199 1081 1222 ne
1102 1195 1177 1231 post
1193 1191 1275 1222 male
1290 1190 1420 1222 tendam

919 1237 972 1270 Ad
1007 1238 1192 1270 daemonum
1221 1237 1389 1277 genimina.

843 1319 850 1327 .
876 1294 971 1326 Nune,
994 1294 1139 1326 stellatus
1163 1298 1195 1325 et
1220 1296 1392 1334 gemmatus

876 1341 1008 1373 Lustras
1035 1342 1138 1373 caelos
1166 1342 1333 1373 deauratus

877 1387 955 1419 Cum
979 1396 1110 1420 amoeno
1134 1390 1219 1419 serto
1243 1387 1337 1427 pleno

873 1434 995 1466 Fructu
1021 1435 1152 1475 pulchro
1178 1434 1364 1476 tricenteno,

874 1482 912 1514 ln
938 1490 997 1522 quo
1022 1491 1103 1522 pura
1132 1482 1284 1514 duratura

875 1527 1007 1569 Semper
1031 1527 1134 1569 fulget
1150 1529 1229 1561 haee
1244 1529 1421 1568 scriptura:

921 1578 1010 1608 Inter
1033 1579 1124 1608 natos
1150 1580 1182 1607 et
1207 1579 1322 1607 cetera.

875 1623 899 1656 Ο
917 1632 1011 1663 quam
1027 1631 1129 1664 gnave
1144 1632 1298 1655 summum
1315 1631 1421 1664 suave,

875 1670 1008 1703 Trinum
1034 1679 1111 1703 voce
1136 1679 1231 1703 carne
1255 1679 1314 1703 ave

874 1717 1053 1760 Agnovisti‚
1079 1717 1131 1750 fae
1153 1727 1204 1750 me
1228 1718 1298 1750 sisti

873 1764 992 1798 Tecum
1017 1768 1090 1797 ante
1113 1766 1235 1797 vultum
1260 1763 1388 1804 Christi,

872 1813 939 1852 Quo
964 1811 1021 1845 abs
1048 1813 1135 1845 luctu
1160 1812 1264 1845 fausto
1292 1812 1387 1844 ductu

873 1860 909 1892 In
933 1860 997 1892 hoa
1019 1865 1150 1892 centeno
1178 1858 1277 1903 [cum]
1303 1858 1409 1891 fructu

919 1907 965 1939 Te
983 1916 1112 1939 ceruam
1124 1911 1197 1946 post
1213 1908 1291 1939 haee
1303 1910 1424 1939 vetera.

199 1964 279 1992 Orat.
308 1972 362 1992 ms.
388 1964 574 1992 Carthusian.
608 1972 683 1992 5300.
706 1961 749 1991 15.
793 1963 863 1990 Ood.
886 1960 979 1997 Capit.
1000 1963 1150 1990 Treviren.
1176 1960 1238 1990 116.
1266 1976 1304 1982 -ι-
1329 1961 1357 1997 5,
1391 1960 1425 1990 13

124 2003 198 2031 fehlt
217 2004 282 2030 eine
302 2002 393 2030 silbe.

485 2093 553 2125 295.
582 2093 626 2125 De
648 2102 671 2125 s.
693 2093 829 2125 Iohanne
848 2091 1065 2132 Evangelista.

362 2135 379 2150 1

139 2157 170 2190 1.
196 2156 284 2188 Fons
312 2155 439 2187 divinae
464 2155 617 2196 caritatis,

196 2203 366 2244 Iohannes,
397 2203 574 2236 divinitatis

244 2250 390 2284 Summus
416 2251 601 2291 explicator,

196 2297 357 2339 Splendor
380 2308 486 2331 merus
510 2299 686 2340 virginalis,

168 2347 319 2384 :Dulcor
343 2346 442 2381 mirus
466 2347 656 2389 supernalis,

239 2393 341 2427 Asiae
364 2394 530 2429 lustrator.

816 2155 849 2187 2.
875 2155 1031 2194 Dogmate
1056 2161 1151 2186 cenae
1174 2154 1307 2194 rigauis,

876 2203 950 2235 Iesu
975 2210 1068 2234 cruce
1094 2203 1314 2241 desponsatus,

924 2249 1054 2282 Divinis
1075 2249 1292 2289 inardescens,

875 2298 994 2331 Volans
1017 2300 1054 2329 tu
1076 2305 1173 2337 super
1198 2295 1378 2338 Cherubim,

876 2346 998 2384 Amore
1019 2344 1136 2377 ardens
1162 2342 1338 2385 Seraphim,

924 2392 1001 2426 Cmu
1031 2389 1426 2430 Throniseouquiesoens,
