<?xml version="1.0" encoding="UTF-8"?>
<!DOCTYPE html PUBLIC "-//W3C//DTD XHTML 1.0 Transitional//EN"
    "http://www.w3.org/TR/xhtml1/DTD/xhtml1-transitional.dtd">
<html xmlns="http://www.w3.org/1999/xhtml" xml:lang="en" lang="en">
 <head>
  <title>
</title>
<meta http-equiv="Content-Type" content="text/html;charset=utf-8" />
  <meta name='ocr-system' content='tesseract 3.04.00' />
  <meta name='ocr-capabilities' content='ocr_page ocr_carea ocr_par ocr_line ocrx_word'/>
</head>
<body>
  <div class='ocr_page' id='page_1' title='image "./analectahymnica29drevuoft_00235.png"; bbox 0 0 1655 2573; ppageno 0'>
   <div class='ocr_carea' id='block_1_1' title="bbox 691 141 946 176">
    <p class='ocr_par' dir='ltr' id='par_1_1' title="bbox 691 141 946 176">
     <span class='ocr_line' id='line_1_1' title="bbox 691 141 946 176; baseline -0.016 1"><span class='ocrx_word' id='word_1_1' title='bbox 691 141 946 176; x_wconf 79' lang='lat'><strong>-232—</strong></span> 
     </span>
    </p>
   </div>
   <div class='ocr_carea' id='block_1_2' title="bbox 179 227 1475 2178">
    <p class='ocr_par' dir='ltr' id='par_1_2' title="bbox 179 227 1475 2178">
     <span class='ocr_line' id='line_1_2' title="bbox 180 227 1469 275; baseline -0.014 -4"><span class='ocrx_word' id='word_1_2' title='bbox 180 242 243 271; x_wconf 77' lang='lat' dir='ltr'>vor</span> <span class='ocrx_word' id='word_1_3' title='bbox 263 239 318 270; x_wconf 90' lang='lat'>118</span> <span class='ocrx_word' id='word_1_4' title='bbox 344 240 436 270; x_wconf 77' lang='lat' dir='ltr'>Iudex</span> <span class='ocrx_word' id='word_1_5' title='bbox 458 239 595 275; x_wconf 74' lang='lat' dir='ltr'>requirit,</span> <span class='ocrx_word' id='word_1_6' title='bbox 622 237 699 272; x_wconf 84' lang='lat' dir='ltr'>quod</span> <span class='ocrx_word' id='word_1_7' title='bbox 723 237 821 271; x_wconf 72' lang='lat' dir='ltr'>partes</span> <span class='ocrx_word' id='word_1_8' title='bbox 843 233 974 269; x_wconf 73' lang='lat' dir='ltr'>legitime</span> <span class='ocrx_word' id='word_1_9' title='bbox 993 230 1116 267; x_wconf 76' lang='lat' dir='ltr'>probent</span> <span class='ocrx_word' id='word_1_10' title='bbox 1135 229 1259 257; x_wconf 84' lang='lat' dir='ltr'>deducta</span> <span class='ocrx_word' id='word_1_11' title='bbox 1277 229 1309 255; x_wconf 89' lang='lat' dir='ltr'>in</span> <span class='ocrx_word' id='word_1_12' title='bbox 1328 227 1469 255; x_wconf 85' lang='lat' dir='ltr'>iudicium</span> 
     </span>
     <span class='ocr_line' id='line_1_3' title="bbox 182 264 1472 316; baseline -0.015 -7"><span class='ocrx_word' id='word_1_13' title='bbox 182 289 234 316; x_wconf 78' lang='lat' dir='ltr'>per</span> <span class='ocrx_word' id='word_1_14' title='bbox 253 281 342 308; x_wconf 77' lang='lat' dir='ltr'>testes</span> <span class='ocrx_word' id='word_1_15' title='bbox 363 280 391 307; x_wconf 86' lang='lat' dir='ltr'>et</span> <span class='ocrx_word' id='word_1_16' title='bbox 409 278 608 305; x_wconf 81' lang='lat' dir='ltr'>instrumenta.</span> <span class='ocrx_word' id='word_1_17' title='bbox 629 289 666 293; x_wconf 90' lang='lat'>—</span> <span class='ocrx_word' id='word_1_18' title='bbox 689 273 750 301; x_wconf 86' lang='lat' dir='ltr'>Vor</span> <span class='ocrx_word' id='word_1_19' title='bbox 771 269 824 299; x_wconf 90' lang='grc'>120</span> <span class='ocrx_word' id='word_1_20' title='bbox 849 271 952 298; x_wconf 76' lang='lat' dir='ltr'>Partes</span> <span class='ocrx_word' id='word_1_21' title='bbox 977 277 1009 296; x_wconf 89' lang='lat' dir='ltr'>se</span> <span class='ocrx_word' id='word_1_22' title='bbox 1035 267 1201 295; x_wconf 83' lang='lat' dir='ltr'>deliberant.</span> <span class='ocrx_word' id='word_1_23' title='bbox 1215 264 1268 301; x_wconf 83' lang='lat' dir='ltr'>(ut)</span> <span class='ocrx_word' id='word_1_24' title='bbox 1292 265 1327 292; x_wconf 90' lang='lat' dir='ltr'>de</span> <span class='ocrx_word' id='word_1_25' title='bbox 1346 264 1472 292; x_wconf 74' lang='lat' dir='ltr'>testibus</span> 
     </span>
     <span class='ocr_line' id='line_1_4' title="bbox 181 301 1467 354; baseline -0.013 -9"><span class='ocrx_word' id='word_1_26' title='bbox 181 317 380 354; x_wconf 67' lang='lat' dir='ltr'>producendis.</span> <span class='ocrx_word' id='word_1_27' title='bbox 407 332 444 336; x_wconf 89' lang='lat'><strong>—</strong></span> <span class='ocrx_word' id='word_1_28' title='bbox 470 315 531 341; x_wconf 86' lang='lat' dir='ltr'>Vor</span> <span class='ocrx_word' id='word_1_29' title='bbox 552 311 604 339; x_wconf 87' lang='lat'>121</span> <span class='ocrx_word' id='word_1_30' title='bbox 631 312 672 339; x_wconf 88' lang='lat' dir='ltr'>Hi</span> <span class='ocrx_word' id='word_1_31' title='bbox 696 313 764 338; x_wconf 84' lang='lat' dir='ltr'>sunt</span> <span class='ocrx_word' id='word_1_32' title='bbox 788 311 889 342; x_wconf 75' lang='lat' dir='ltr'>testes,</span> <span class='ocrx_word' id='word_1_33' title='bbox 918 306 1023 342; x_wconf 72' lang='lat' dir='ltr'>quibus</span> <span class='ocrx_word' id='word_1_34' title='bbox 1051 308 1147 341; x_wconf 79' lang='lat' dir='ltr'>partes</span> <span class='ocrx_word' id='word_1_35' title='bbox 1174 304 1219 331; x_wconf 82' lang='lat' dir='ltr'>uti</span> <span class='ocrx_word' id='word_1_36' title='bbox 1240 304 1344 331; x_wconf 83' lang='lat' dir='ltr'>volunt</span> <span class='ocrx_word' id='word_1_37' title='bbox 1368 301 1405 330; x_wconf 82' lang='lat' dir='ltr'>ad</span> <span class='ocrx_word' id='word_1_38' title='bbox 1424 303 1467 329; x_wconf 52' lang='lat' dir='ltr'>in‘</span> 
     </span>
     <span class='ocr_line' id='line_1_5' title="bbox 182 341 1470 383; baseline -0.014 0"><span class='ocrx_word' id='word_1_39' title='bbox 182 356 325 383; x_wconf 72' lang='lat' dir='ltr'>tentiones</span> <span class='ocrx_word' id='word_1_40' title='bbox 345 361 411 381; x_wconf 78' lang='lat' dir='ltr'>suas</span> <span class='ocrx_word' id='word_1_41' title='bbox 434 350 602 380; x_wconf 82' lang='lat' dir='ltr'>fundandas.</span> <span class='ocrx_word' id='word_1_42' title='bbox 622 363 659 369; x_wconf 50' lang='grc' dir='ltr'>ν-</span> <span class='ocrx_word' id='word_1_43' title='bbox 679 350 738 376; x_wconf 86' lang='lat' dir='ltr'>Vor</span> <span class='ocrx_word' id='word_1_44' title='bbox 754 344 806 375; x_wconf 86' lang='grc'>128</span> <span class='ocrx_word' id='word_1_45' title='bbox 827 344 1030 382; x_wconf 81' lang='lat' dir='ltr'>Depositiones</span> <span class='ocrx_word' id='word_1_46' title='bbox 1044 344 1163 370; x_wconf 77' lang='lat' dir='ltr'>testium</span> <span class='ocrx_word' id='word_1_47' title='bbox 1180 344 1210 369; x_wconf 83' lang='lat' dir='ltr'>et</span> <span class='ocrx_word' id='word_1_48' title='bbox 1221 341 1415 369; x_wconf 84' lang='lat' dir='ltr'>instrumenta</span> <span class='ocrx_word' id='word_1_49' title='bbox 1434 347 1470 366; x_wconf 78' lang='lat' dir='ltr'>ae</span> 
     </span>
     <span class='ocr_line' id='line_1_6' title="bbox 181 378 1468 425; baseline -0.013 -5"><span class='ocrx_word' id='word_1_50' title='bbox 181 393 251 420; x_wconf 75' lang='lat' dir='ltr'>fides</span> <span class='ocrx_word' id='word_1_51' title='bbox 273 400 369 420; x_wconf 86' lang='lat' dir='ltr'>eorum</span> <span class='ocrx_word' id='word_1_52' title='bbox 391 393 478 425; x_wconf 83' lang='lat' dir='ltr'>patet.</span> <span class='ocrx_word' id='word_1_53' title='bbox 498 403 535 407; x_wconf 97' lang='lat'><strong>—</strong></span> <span class='ocrx_word' id='word_1_54' title='bbox 553 388 615 415; x_wconf 88' lang='grc'><strong>701·</strong></span> <span class='ocrx_word' id='word_1_55' title='bbox 632 384 685 413; x_wconf 92' lang='grc'>129</span> <span class='ocrx_word' id='word_1_56' title='bbox 705 385 846 420; x_wconf 77' lang='lat' dir='ltr'><strong>Exceptio</strong></span> <span class='ocrx_word' id='word_1_57' title='bbox 867 384 959 420; x_wconf 78' lang='lat' dir='ltr'>partis</span> <span class='ocrx_word' id='word_1_58' title='bbox 980 381 1125 416; x_wconf 78' lang='lat' dir='ltr'>baptistae</span> <span class='ocrx_word' id='word_1_59' title='bbox 1143 381 1176 407; x_wconf 89' lang='grc'>111</span> <span class='ocrx_word' id='word_1_60' title='bbox 1194 380 1255 406; x_wconf 89' lang='lat' dir='ltr'>vim</span> <span class='ocrx_word' id='word_1_61' title='bbox 1275 378 1468 414; x_wconf 77' lang='lat' dir='ltr'>peremptorie</span> 
     </span>
     <span class='ocr_line' id='line_1_7' title="bbox 182 414 1469 466; baseline -0.012 -9"><span class='ocrx_word' id='word_1_62' title='bbox 182 431 339 466; x_wconf 76' lang='lat' dir='ltr'>proposita,</span> <span class='ocrx_word' id='word_1_63' title='bbox 361 427 437 462; x_wconf 73' lang='lat' dir='ltr'>quod</span> <span class='ocrx_word' id='word_1_64' title='bbox 456 428 517 460; x_wconf 64' lang='lat' dir='ltr'>ips-e</span> <span class='ocrx_word' id='word_1_65' title='bbox 539 426 666 460; x_wconf 79' lang='lat' dir='ltr'>baptista</span> <span class='ocrx_word' id='word_1_66' title='bbox 685 425 716 450; x_wconf 90' lang='lat' dir='ltr'>in</span> <span class='ocrx_word' id='word_1_67' title='bbox 735 423 885 449; x_wconf 83' lang='lat' dir='ltr'>iuventute</span> <span class='ocrx_word' id='word_1_68' title='bbox 906 421 1017 447; x_wconf 80' lang='lat' dir='ltr'>occisus</span> <span class='ocrx_word' id='word_1_69' title='bbox 1034 426 1086 454; x_wconf 87' lang='lat' dir='ltr'>pro</span> <span class='ocrx_word' id='word_1_70' title='bbox 1107 418 1221 445; x_wconf 83' lang='lat' dir='ltr'>iustitia</span> <span class='ocrx_word' id='word_1_71' title='bbox 1241 419 1270 443; x_wconf 82' lang='lat' dir='ltr'>et</span> <span class='ocrx_word' id='word_1_72' title='bbox 1289 414 1469 452; x_wconf 76' lang='lat' dir='ltr'>evangelista</span> 
     </span>
     <span class='ocr_line' id='line_1_8' title="bbox 182 450 1470 501; baseline -0.012 -7"><span class='ocrx_word' id='word_1_73' title='bbox 182 469 301 494; x_wconf 85' lang='lat' dir='ltr'>mortem</span> <span class='ocrx_word' id='word_1_74' title='bbox 323 474 373 501; x_wconf 85' lang='lat' dir='ltr'>pro</span> <span class='ocrx_word' id='word_1_75' title='bbox 396 463 508 491; x_wconf 81' lang='lat' dir='ltr'>Christo</span> <span class='ocrx_word' id='word_1_76' title='bbox 529 470 631 498; x_wconf 84' lang='lat' dir='ltr'>passus</span> <span class='ocrx_word' id='word_1_77' title='bbox 652 469 710 488; x_wconf 89' lang='lat' dir='ltr'>non</span> <span class='ocrx_word' id='word_1_78' title='bbox 730 461 776 492; x_wconf 88' lang='lat' dir='ltr'>sit,</span> <span class='ocrx_word' id='word_1_79' title='bbox 798 458 849 486; x_wconf 89' lang='lat' dir='ltr'>sed</span> <span class='ocrx_word' id='word_1_80' title='bbox 868 460 899 485; x_wconf 86' lang='lat' dir='ltr'>in</span> <span class='ocrx_word' id='word_1_81' title='bbox 918 464 991 492; x_wconf 82' lang='lat' dir='ltr'>pace</span> <span class='ocrx_word' id='word_1_82' title='bbox 1010 456 1122 483; x_wconf 85' lang='lat' dir='ltr'>senium</span> <span class='ocrx_word' id='word_1_83' title='bbox 1141 454 1258 482; x_wconf 87' lang='lat' dir='ltr'>finierit.</span> <span class='ocrx_word' id='word_1_84' title='bbox 1283 468 1318 473; x_wconf 85' lang='lat'>-—</span> <span class='ocrx_word' id='word_1_85' title='bbox 1338 454 1399 480; x_wconf 79' lang='lat' dir='ltr'>Vor</span> <span class='ocrx_word' id='word_1_86' title='bbox 1414 450 1470 479; x_wconf 85' lang='grc'>134</span> 
     </span>
     <span class='ocr_line' id='line_1_9' title="bbox 182 492 1472 538; baseline -0.012 -6"><span class='ocrx_word' id='word_1_87' title='bbox 182 505 254 532; x_wconf 85' lang='lat' dir='ltr'>Pars</span> <span class='ocrx_word' id='word_1_88' title='bbox 274 504 418 538; x_wconf 79' lang='lat' dir='ltr'>baptistae</span> <span class='ocrx_word' id='word_1_89' title='bbox 438 501 535 534; x_wconf 84' lang='lat' dir='ltr'>arguit</span> <span class='ocrx_word' id='word_1_90' title='bbox 556 507 591 526; x_wconf 82' lang='lat' dir='ltr'>ex</span> <span class='ocrx_word' id='word_1_91' title='bbox 609 506 650 531; x_wconf 82' lang='lat' dir='ltr'>eo,</span> <span class='ocrx_word' id='word_1_92' title='bbox 672 497 748 533; x_wconf 80' lang='lat' dir='ltr'>quod</span> <span class='ocrx_word' id='word_1_93' title='bbox 761 496 835 525; x_wconf 85' lang='lat' dir='ltr'>Abel</span> <span class='ocrx_word' id='word_1_94' title='bbox 856 498 884 523; x_wconf 91' lang='lat' dir='ltr'>et</span> <span class='ocrx_word' id='word_1_95' title='bbox 904 502 990 530; x_wconf 85' lang='lat' dir='ltr'>quam</span> <span class='ocrx_word' id='word_1_96' title='bbox 1008 493 1107 529; x_wconf 83' lang='lat' dir='ltr'>plures</span> <span class='ocrx_word' id='word_1_97' title='bbox 1128 492 1180 520; x_wconf 85' lang='lat' dir='ltr'>alii</span> <span class='ocrx_word' id='word_1_98' title='bbox 1198 493 1232 519; x_wconf 88' lang='lat' dir='ltr'>in</span> <span class='ocrx_word' id='word_1_99' title='bbox 1244 493 1396 519; x_wconf 85' lang='lat' dir='ltr'>inventute</span> <span class='ocrx_word' id='word_1_100' title='bbox 1409 492 1472 518; x_wconf 84' lang='lat' dir='ltr'>sint</span> 
     </span>
     <span class='ocr_line' id='line_1_10' title="bbox 183 529 1468 570; baseline -0.011 -2"><span class='ocrx_word' id='word_1_101' title='bbox 183 542 279 569; x_wconf 80' lang='lat' dir='ltr'>occisi.</span> <span class='ocrx_word' id='word_1_102' title='bbox 310 554 347 558; x_wconf 90' lang='lat'>——</span> <span class='ocrx_word' id='word_1_103' title='bbox 372 539 433 565; x_wconf 83' lang='grc'><strong>701·</strong></span> <span class='ocrx_word' id='word_1_104' title='bbox 465 535 517 565; x_wconf 84' lang='grc'>140</span> <span class='ocrx_word' id='word_1_105' title='bbox 551 537 620 563; x_wconf 87' lang='lat' dir='ltr'>Pars</span> <span class='ocrx_word' id='word_1_106' title='bbox 650 535 845 570; x_wconf 81' lang='lat' dir='ltr'>evangelistae</span> <span class='ocrx_word' id='word_1_107' title='bbox 870 531 1036 567; x_wconf 82' lang='lat' dir='ltr'>replicando</span> <span class='ocrx_word' id='word_1_108' title='bbox 1066 532 1147 566; x_wconf 89' lang='lat' dir='ltr'>prius</span> <span class='ocrx_word' id='word_1_109' title='bbox 1175 531 1267 556; x_wconf 82' lang='lat' dir='ltr'>utitur</span> <span class='ocrx_word' id='word_1_110' title='bbox 1294 529 1468 556; x_wconf 80' lang='lat' dir='ltr'>auctoritate</span> 
     </span>
     <span class='ocr_line' id='line_1_11' title="bbox 182 566 1468 609; baseline -0.01 -4"><span class='ocrx_word' id='word_1_111' title='bbox 182 579 251 605; x_wconf 84' lang='lat' dir='ltr'>novi</span> <span class='ocrx_word' id='word_1_112' title='bbox 270 577 435 604; x_wconf 71' lang='lat' dir='ltr'>testamenti</span> <span class='ocrx_word' id='word_1_113' title='bbox 454 574 583 602; x_wconf 68' lang='lat' dir='ltr'>assewans</span> <span class='ocrx_word' id='word_1_114' title='bbox 603 573 765 609; x_wconf 84' lang='lat' dir='ltr'>apostolum</span> <span class='ocrx_word' id='word_1_115' title='bbox 784 571 956 598; x_wconf 72' lang='lat' dir='ltr'>scribentem</span> <span class='ocrx_word' id='word_1_116' title='bbox 975 568 1012 595; x_wconf 81' lang='lat' dir='ltr'>ad</span> <span class='ocrx_word' id='word_1_117' title='bbox 1023 568 1209 596; x_wconf 75' lang='lat' dir='ltr'>Timotheum</span> <span class='ocrx_word' id='word_1_118' title='bbox 1228 569 1259 594; x_wconf 85' lang='lat' dir='ltr'>et</span> <span class='ocrx_word' id='word_1_119' title='bbox 1276 566 1382 594; x_wconf 85' lang='lat' dir='ltr'>deinde</span> <span class='ocrx_word' id='word_1_120' title='bbox 1401 574 1468 593; x_wconf 79' lang='lat' dir='ltr'>aue-</span> 
     </span>
     <span class='ocr_line' id='line_1_12' title="bbox 182 597 1467 644; baseline -0.009 -2"><span class='ocrx_word' id='word_1_121' title='bbox 182 616 327 643; x_wconf 84' lang='lat' dir='ltr'>toritatem</span> <span class='ocrx_word' id='word_1_122' title='bbox 353 614 459 641; x_wconf 85' lang='lat' dir='ltr'>veteris</span> <span class='ocrx_word' id='word_1_123' title='bbox 485 597 649 639; x_wconf 59' lang='lat' dir='ltr'>testamenti</span> <span class='ocrx_word' id='word_1_124' title='bbox 679 610 808 644; x_wconf 88' lang='lat' dir='ltr'>allegans</span> <span class='ocrx_word' id='word_1_125' title='bbox 839 617 874 635; x_wconf 82' lang='lat' dir='ltr'>ex</span> <span class='ocrx_word' id='word_1_126' title='bbox 902 607 1028 634; x_wconf 85' lang='lat' dir='ltr'>levitico.</span> <span class='ocrx_word' id='word_1_127' title='bbox 1059 619 1096 624; x_wconf 86' lang='lat'>—</span> <span class='ocrx_word' id='word_1_128' title='bbox 1128 605 1188 632; x_wconf 85' lang='grc'><strong>701·</strong></span> <span class='ocrx_word' id='word_1_129' title='bbox 1214 602 1266 632; x_wconf 87' lang='lat'>151</span> <span class='ocrx_word' id='word_1_130' title='bbox 1296 604 1368 631; x_wconf 85' lang='lat' dir='ltr'>Pars</span> <span class='ocrx_word' id='word_1_131' title='bbox 1397 604 1467 639; x_wconf 81' lang='lat' dir='ltr'>bap-</span> 
     </span>
     <span class='ocr_line' id='line_1_13' title="bbox 179 642 1466 683; baseline -0.009 -3"><span class='ocrx_word' id='word_1_132' title='bbox 179 654 274 680; x_wconf 75' lang='lat' dir='ltr'>tistae.</span> <span class='ocrx_word' id='word_1_133' title='bbox 292 665 331 671; x_wconf 59' lang='lat'>»-</span> <span class='ocrx_word' id='word_1_134' title='bbox 349 651 408 678; x_wconf 83' lang='grc'><strong>701·</strong></span> <span class='ocrx_word' id='word_1_135' title='bbox 436 646 489 676; x_wconf 85' lang='grc'>153</span> <span class='ocrx_word' id='word_1_136' title='bbox 511 649 583 676; x_wconf 86' lang='lat' dir='ltr'>Pars</span> <span class='ocrx_word' id='word_1_137' title='bbox 608 655 709 683; x_wconf 83' lang='lat' dir='ltr'>evang.</span> <span class='ocrx_word' id='word_1_138' title='bbox 732 662 769 666; x_wconf 95' lang='lat'>—-</span> <span class='ocrx_word' id='word_1_139' title='bbox 787 645 848 673; x_wconf 84' lang='lat' dir='ltr'>Vor</span> <span class='ocrx_word' id='word_1_140' title='bbox 875 642 927 672; x_wconf 87' lang='grc'>156</span> <span class='ocrx_word' id='word_1_141' title='bbox 947 645 1020 672; x_wconf 85' lang='lat' dir='ltr'>Pars</span> <span class='ocrx_word' id='word_1_142' title='bbox 1035 642 1232 679; x_wconf 83' lang='lat' dir='ltr'>evangelistae</span> <span class='ocrx_word' id='word_1_143' title='bbox 1252 642 1349 678; x_wconf 81' lang='lat' dir='ltr'>arguit</span> <span class='ocrx_word' id='word_1_144' title='bbox 1368 649 1404 669; x_wconf 80' lang='lat' dir='ltr'>ex</span> <span class='ocrx_word' id='word_1_145' title='bbox 1424 649 1466 674; x_wconf 81' lang='lat' dir='ltr'>eo¹</span> 
     </span>
     <span class='ocr_line' id='line_1_14' title="bbox 182 677 1468 725; baseline -0.009 -9"><span class='ocrx_word' id='word_1_146' title='bbox 182 689 258 725; x_wconf 84' lang='lat' dir='ltr'>quod</span> <span class='ocrx_word' id='word_1_147' title='bbox 278 688 370 716; x_wconf 85' lang='lat' dir='ltr'>Adam</span> <span class='ocrx_word' id='word_1_148' title='bbox 391 689 420 714; x_wconf 90' lang='lat' dir='ltr'>et</span> <span class='ocrx_word' id='word_1_149' title='bbox 439 694 524 723; x_wconf 86' lang='lat' dir='ltr'>quam</span> <span class='ocrx_word' id='word_1_150' title='bbox 538 686 635 722; x_wconf 86' lang='lat' dir='ltr'>plures</span> <span class='ocrx_word' id='word_1_151' title='bbox 649 686 705 712; x_wconf 88' lang='lat' dir='ltr'>viri</span> <span class='ocrx_word' id='word_1_152' title='bbox 719 683 822 710; x_wconf 82' lang='lat' dir='ltr'>famosi</span> <span class='ocrx_word' id='word_1_153' title='bbox 835 683 915 710; x_wconf 90' lang='lat' dir='ltr'>senio</span> <span class='ocrx_word' id='word_1_154' title='bbox 931 681 1025 709; x_wconf 85' lang='lat' dir='ltr'>affecti</span> <span class='ocrx_word' id='word_1_155' title='bbox 1039 683 1069 709; x_wconf 92' lang='lat' dir='ltr'>in</span> <span class='ocrx_word' id='word_1_156' title='bbox 1083 688 1154 716; x_wconf 86' lang='lat' dir='ltr'>paee</span> <span class='ocrx_word' id='word_1_157' title='bbox 1168 681 1259 708; x_wconf 84' lang='lat' dir='ltr'>vitam</span> <span class='ocrx_word' id='word_1_158' title='bbox 1272 677 1416 707; x_wconf 80' lang='lat' dir='ltr'>finierunt.</span> <span class='ocrx_word' id='word_1_159' title='bbox 1431 693 1468 697; x_wconf 89' lang='lat'>—</span> 
     </span>
     <span class='ocr_line' id='line_1_15' title="bbox 180 715 1467 759; baseline -0.009 -5"><span class='ocrx_word' id='word_1_160' title='bbox 180 728 240 754; x_wconf 88' lang='grc'><strong>701·</strong></span> <span class='ocrx_word' id='word_1_161' title='bbox 269 723 321 753; x_wconf 88' lang='grc'>166</span> <span class='ocrx_word' id='word_1_162' title='bbox 354 726 426 753; x_wconf 83' lang='lat' dir='ltr'>Pars</span> <span class='ocrx_word' id='word_1_163' title='bbox 452 725 529 759; x_wconf 83' lang='lat' dir='ltr'>bapt.</span> <span class='ocrx_word' id='word_1_164' title='bbox 556 737 593 741; x_wconf 90' lang='lat'>—</span> <span class='ocrx_word' id='word_1_165' title='bbox 618 722 679 750; x_wconf 86' lang='grc'><strong>701·</strong></span> <span class='ocrx_word' id='word_1_166' title='bbox 705 719 757 748; x_wconf 92' lang='grc'>167</span> <span class='ocrx_word' id='word_1_167' title='bbox 776 722 849 748; x_wconf 88' lang='lat' dir='ltr'>Pars</span> <span class='ocrx_word' id='word_1_168' title='bbox 874 727 974 754; x_wconf 76' lang='lat' dir='ltr'>evang,</span> <span class='ocrx_word' id='word_1_169' title='bbox 1001 733 1038 737; x_wconf 93' lang='lat'>—</span> <span class='ocrx_word' id='word_1_170' title='bbox 1057 718 1118 745; x_wconf 88' lang='lat' dir='ltr'>Vor</span> <span class='ocrx_word' id='word_1_171' title='bbox 1145 715 1200 745; x_wconf 89' lang='grc'>169</span> <span class='ocrx_word' id='word_1_172' title='bbox 1227 717 1300 744; x_wconf 82' lang='lat' dir='ltr'>Pars</span> <span class='ocrx_word' id='word_1_173' title='bbox 1324 717 1403 752; x_wconf 88' lang='lat' dir='ltr'>bapt.</span> <span class='ocrx_word' id='word_1_174' title='bbox 1430 732 1467 736; x_wconf 96' lang='lat'>—</span> 
     </span>
     <span class='ocr_line' id='line_1_16' title="bbox 180 752 1468 796; baseline -0.009 -5"><span class='ocrx_word' id='word_1_175' title='bbox 180 764 241 791; x_wconf 88' lang='grc'><strong>701·</strong></span> <span class='ocrx_word' id='word_1_176' title='bbox 268 761 319 790; x_wconf 89' lang='grc'>171</span> <span class='ocrx_word' id='word_1_177' title='bbox 340 764 409 790; x_wconf 84' lang='lat' dir='ltr'>Pars</span> <span class='ocrx_word' id='word_1_178' title='bbox 435 769 537 796; x_wconf 88' lang='lat' dir='ltr'>evang.</span> <span class='ocrx_word' id='word_1_179' title='bbox 564 776 601 780; x_wconf 89' lang='lat'>—</span> <span class='ocrx_word' id='word_1_180' title='bbox 620 759 681 787; x_wconf 89' lang='grc'><strong>701·</strong></span> <span class='ocrx_word' id='word_1_181' title='bbox 709 756 761 786; x_wconf 93' lang='grc'>176</span> <span class='ocrx_word' id='word_1_182' title='bbox 781 758 854 785; x_wconf 86' lang='lat' dir='ltr'>Pars</span> <span class='ocrx_word' id='word_1_183' title='bbox 880 758 959 791; x_wconf 86' lang='lat' dir='ltr'>bapt.</span> <span class='ocrx_word' id='word_1_184' title='bbox 984 769 1022 774; x_wconf 82' lang='lat'>-—</span> <span class='ocrx_word' id='word_1_185' title='bbox 1040 755 1102 783; x_wconf 84' lang='grc'><strong>701·</strong></span> <span class='ocrx_word' id='word_1_186' title='bbox 1129 752 1183 782; x_wconf 86' lang='grc'>173</span> <span class='ocrx_word' id='word_1_187' title='bbox 1202 755 1275 782; x_wconf 89' lang='lat' dir='ltr'>Pars</span> <span class='ocrx_word' id='word_1_188' title='bbox 1302 762 1404 790; x_wconf 76' lang='lat' dir='ltr'>evang.</span> <span class='ocrx_word' id='word_1_189' title='bbox 1430 769 1468 773; x_wconf 97' lang='lat'><strong>—</strong></span> 
     </span>
     <span class='ocr_line' id='line_1_17' title="bbox 179 790 1468 834; baseline -0.008 -6"><span class='ocrx_word' id='word_1_190' title='bbox 179 801 240 828; x_wconf 85' lang='grc'><strong>701·</strong></span> <span class='ocrx_word' id='word_1_191' title='bbox 267 797 319 828; x_wconf 82' lang='grc'>180</span> <span class='ocrx_word' id='word_1_192' title='bbox 338 800 409 827; x_wconf 82' lang='lat' dir='ltr'>Pars</span> <span class='ocrx_word' id='word_1_193' title='bbox 430 799 507 834; x_wconf 84' lang='lat' dir='ltr'>bapt.</span> <span class='ocrx_word' id='word_1_194' title='bbox 527 813 564 818; x_wconf 78' lang='lat'>·-</span> <span class='ocrx_word' id='word_1_195' title='bbox 583 797 644 824; x_wconf 84' lang='grc'><strong>701·</strong></span> <span class='ocrx_word' id='word_1_196' title='bbox 666 794 718 823; x_wconf 91' lang='grc'>182</span> <span class='ocrx_word' id='word_1_197' title='bbox 737 796 809 823; x_wconf 85' lang='lat' dir='ltr'>Pars</span> <span class='ocrx_word' id='word_1_198' title='bbox 829 802 931 829; x_wconf 83' lang='lat' dir='ltr'>evang.</span> <span class='ocrx_word' id='word_1_199' title='bbox 952 808 985 813; x_wconf 86' lang='lat'>—-</span> <span class='ocrx_word' id='word_1_200' title='bbox 1010 794 1070 820; x_wconf 84' lang='grc'><strong>701·</strong></span> <span class='ocrx_word' id='word_1_201' title='bbox 1092 790 1145 821; x_wconf 85' lang='grc'>183</span> <span class='ocrx_word' id='word_1_202' title='bbox 1165 793 1237 819; x_wconf 87' lang='lat' dir='ltr'>Pars</span> <span class='ocrx_word' id='word_1_203' title='bbox 1257 792 1337 827; x_wconf 86' lang='lat' dir='ltr'>bapt.</span> <span class='ocrx_word' id='word_1_204' title='bbox 1349 806 1388 810; x_wconf 94' lang='lat'>—</span> <span class='ocrx_word' id='word_1_205' title='bbox 1408 792 1468 818; x_wconf 89' lang='lat' dir='ltr'>Vor</span> 
     </span>
     <span class='ocr_line' id='line_1_18' title="bbox 182 827 1467 871; baseline -0.009 -5"><span class='ocrx_word' id='word_1_206' title='bbox 182 839 243 866; x_wconf 87' lang='grc'><strong>701·</strong></span> <span class='ocrx_word' id='word_1_207' title='bbox 265 834 328 870; x_wconf 82' lang='grc'><strong>183,</strong></span> <span class='ocrx_word' id='word_1_208' title='bbox 342 836 362 864; x_wconf 88' lang='lat'>4</span> <span class='ocrx_word' id='word_1_209' title='bbox 382 837 454 864; x_wconf 83' lang='lat' dir='ltr'>Pars</span> <span class='ocrx_word' id='word_1_210' title='bbox 475 843 576 871; x_wconf 82' lang='lat' dir='ltr'>evang.</span> <span class='ocrx_word' id='word_1_211' title='bbox 644 834 706 860; x_wconf 87' lang='grc'><strong>701·</strong></span> <span class='ocrx_word' id='word_1_212' title='bbox 727 830 780 860; x_wconf 86' lang='grc'>185</span> <span class='ocrx_word' id='word_1_213' title='bbox 792 832 866 860; x_wconf 87' lang='lat' dir='ltr'>Pars</span> <span class='ocrx_word' id='word_1_214' title='bbox 880 833 960 866; x_wconf 84' lang='lat' dir='ltr'>bapt.</span> <span class='ocrx_word' id='word_1_215' title='bbox 980 830 1091 858; x_wconf 83' lang='lat' dir='ltr'>—Vor</span> <span class='ocrx_word' id='word_1_216' title='bbox 1111 827 1164 858; x_wconf 82' lang='lat'>187</span> <span class='ocrx_word' id='word_1_217' title='bbox 1177 830 1251 857; x_wconf 81' lang='lat' dir='ltr'>Pars</span> <span class='ocrx_word' id='word_1_218' title='bbox 1272 837 1373 865; x_wconf 82' lang='lat' dir='ltr'>evang.</span> <span class='ocrx_word' id='word_1_219' title='bbox 1387 828 1467 862; x_wconf 82' lang='lat' dir='ltr'>dicit,</span> 
     </span>
     <span class='ocr_line' id='line_1_19' title="bbox 181 866 1469 910; baseline -0.008 -8"><span class='ocrx_word' id='word_1_220' title='bbox 181 875 257 910; x_wconf 85' lang='lat' dir='ltr'>quod</span> <span class='ocrx_word' id='word_1_221' title='bbox 274 875 402 908; x_wconf 79' lang='lat' dir='ltr'>baptista</span> <span class='ocrx_word' id='word_1_222' title='bbox 424 872 506 900; x_wconf 87' lang='lat' dir='ltr'>nulla</span> <span class='ocrx_word' id='word_1_223' title='bbox 524 874 608 907; x_wconf 82' lang='lat' dir='ltr'>signa</span> <span class='ocrx_word' id='word_1_224' title='bbox 626 871 727 898; x_wconf 87' lang='lat' dir='ltr'>fecerit</span> <span class='ocrx_word' id='word_1_225' title='bbox 747 871 776 896; x_wconf 87' lang='lat' dir='ltr'>in</span> <span class='ocrx_word' id='word_1_226' title='bbox 796 870 859 896; x_wconf 88' lang='lat' dir='ltr'>vita</span> <span class='ocrx_word' id='word_1_227' title='bbox 877 877 938 902; x_wconf 89' lang='lat' dir='ltr'>sua,</span> <span class='ocrx_word' id='word_1_228' title='bbox 959 868 1010 896; x_wconf 87' lang='lat' dir='ltr'>sed</span> <span class='ocrx_word' id='word_1_229' title='bbox 1030 867 1212 904; x_wconf 85' lang='lat' dir='ltr'>evangelista</span> <span class='ocrx_word' id='word_1_230' title='bbox 1230 867 1328 894; x_wconf 78' lang='lat' dir='ltr'>muita.</span> <span class='ocrx_word' id='word_1_231' title='bbox 1349 881 1388 885; x_wconf 91' lang='lat'>——</span> <span class='ocrx_word' id='word_1_232' title='bbox 1407 866 1469 893; x_wconf 90' lang='grc'><strong>701·</strong></span> 
     </span>
     <span class='ocr_line' id='line_1_20' title="bbox 181 904 1466 945; baseline -0.008 -5"><span class='ocrx_word' id='word_1_233' title='bbox 181 910 235 940; x_wconf 82' lang='grc'>189</span> <span class='ocrx_word' id='word_1_234' title='bbox 261 912 333 939; x_wconf 76' lang='lat' dir='ltr'>Pars</span> <span class='ocrx_word' id='word_1_235' title='bbox 352 912 430 945; x_wconf 84' lang='lat' dir='ltr'>bapt.</span> <span class='ocrx_word' id='word_1_236' title='bbox 451 910 522 937; x_wconf 80' lang='lat' dir='ltr'>dicit</span> <span class='ocrx_word' id='word_1_237' title='bbox 542 908 617 945; x_wconf 83' lang='lat' dir='ltr'>quod</span> <span class='ocrx_word' id='word_1_238' title='bbox 636 909 720 944; x_wconf 85' lang='lat' dir='ltr'>signa</span> <span class='ocrx_word' id='word_1_239' title='bbox 737 916 797 934; x_wconf 84' lang='lat' dir='ltr'>non</span> <span class='ocrx_word' id='word_1_240' title='bbox 816 914 927 942; x_wconf 84' lang='lat' dir='ltr'>semper</span> <span class='ocrx_word' id='word_1_241' title='bbox 946 907 1088 934; x_wconf 75' lang='lat' dir='ltr'>testantur</span> <span class='ocrx_word' id='word_1_242' title='bbox 1108 906 1292 932; x_wconf 82' lang='lat' dir='ltr'>sanctitatem</span> <span class='ocrx_word' id='word_1_243' title='bbox 1311 912 1346 931; x_wconf 80' lang='lat' dir='ltr'>ea</span> <span class='ocrx_word' id='word_1_244' title='bbox 1358 904 1466 931; x_wconf 80' lang='lat' dir='ltr'>facien-</span> 
     </span>
     <span class='ocr_line' id='line_1_21' title="bbox 180 942 1465 982; baseline -0.006 -6"><span class='ocrx_word' id='word_1_245' title='bbox 180 951 225 976; x_wconf 89' lang='lat' dir='ltr'>tis.</span> <span class='ocrx_word' id='word_1_246' title='bbox 254 963 288 967; x_wconf 92' lang='lat'><strong>—</strong></span> <span class='ocrx_word' id='word_1_247' title='bbox 309 949 370 975; x_wconf 85' lang='grc'><strong>701·</strong></span> <span class='ocrx_word' id='word_1_248' title='bbox 391 945 443 974; x_wconf 90' lang='grc'>191</span> <span class='ocrx_word' id='word_1_249' title='bbox 470 947 515 975; x_wconf 88' lang='lat' dir='ltr'>Ad</span> <span class='ocrx_word' id='word_1_250' title='bbox 534 947 603 978; x_wconf 87' lang='lat' dir='ltr'>hoc,</span> <span class='ocrx_word' id='word_1_251' title='bbox 630 946 706 982; x_wconf 83' lang='lat' dir='ltr'>quod</span> <span class='ocrx_word' id='word_1_252' title='bbox 725 952 793 979; x_wconf 84' lang='lat' dir='ltr'>pars</span> <span class='ocrx_word' id='word_1_253' title='bbox 814 944 960 979; x_wconf 82' lang='lat' dir='ltr'>baptistae</span> <span class='ocrx_word' id='word_1_254' title='bbox 979 943 1055 969; x_wconf 78' lang='lat' dir='ltr'>dixit</span> <span class='ocrx_word' id='word_1_255' title='bbox 1072 942 1233 970; x_wconf 83' lang='lat' dir='ltr'>Iohannem</span> <span class='ocrx_word' id='word_1_256' title='bbox 1256 942 1465 976; x_wconf 83' lang='lat' dir='ltr'>evangelistam</span> 
     </span>
     <span class='ocr_line' id='line_1_22' title="bbox 181 977 1466 1017; baseline -0.005 -4"><span class='ocrx_word' id='word_1_257' title='bbox 181 987 272 1013; x_wconf 75' lang='lat' dir='ltr'>fuisse</span> <span class='ocrx_word' id='word_1_258' title='bbox 290 985 413 1013; x_wconf 73' lang='lat' dir='ltr'>calvum.</span> <span class='ocrx_word' id='word_1_259' title='bbox 435 1000 471 1004; x_wconf 97' lang='lat'>—</span> <span class='ocrx_word' id='word_1_260' title='bbox 500 984 561 1011; x_wconf 83' lang='grc'><strong>701·</strong></span> <span class='ocrx_word' id='word_1_261' title='bbox 581 981 634 1010; x_wconf 87' lang='grc'>195</span> <span class='ocrx_word' id='word_1_262' title='bbox 654 982 726 1009; x_wconf 83' lang='lat' dir='ltr'>Pars</span> <span class='ocrx_word' id='word_1_263' title='bbox 745 983 824 1017; x_wconf 83' lang='lat' dir='ltr'>bapt.</span> <span class='ocrx_word' id='word_1_264' title='bbox 847 997 880 1001; x_wconf 93' lang='lat'>—-</span> <span class='ocrx_word' id='word_1_265' title='bbox 899 981 960 1008; x_wconf 79' lang='grc'><strong>701·</strong></span> <span class='ocrx_word' id='word_1_266' title='bbox 981 978 1034 1007; x_wconf 88' lang='grc'><strong>197</strong></span> <span class='ocrx_word' id='word_1_267' title='bbox 1056 981 1127 1008; x_wconf 85' lang='lat' dir='ltr'>Pars</span> <span class='ocrx_word' id='word_1_268' title='bbox 1149 988 1252 1015; x_wconf 83' lang='lat' dir='ltr'>evang.</span> <span class='ocrx_word' id='word_1_269' title='bbox 1271 994 1307 997; x_wconf 97' lang='lat'><strong>—</strong></span> <span class='ocrx_word' id='word_1_270' title='bbox 1330 979 1392 1006; x_wconf 74' lang='grc'><strong>701·</strong></span> <span class='ocrx_word' id='word_1_271' title='bbox 1412 977 1466 1006; x_wconf 88' lang='grc'><strong>199</strong></span> 
     </span>
     <span class='ocr_line' id='line_1_23' title="bbox 181 1014 1466 1058; baseline -0.005 -8"><span class='ocrx_word' id='word_1_272' title='bbox 181 1024 253 1050; x_wconf 77' lang='lat' dir='ltr'>Pars</span> <span class='ocrx_word' id='word_1_273' title='bbox 276 1024 353 1058; x_wconf 85' lang='lat' dir='ltr'>bapt.</span> <span class='ocrx_word' id='word_1_274' title='bbox 375 1037 408 1041; x_wconf 89' lang='lat'>-—</span> <span class='ocrx_word' id='word_1_275' title='bbox 429 1023 489 1049; x_wconf 90' lang='lat' dir='ltr'>Vor</span> <span class='ocrx_word' id='word_1_276' title='bbox 508 1019 562 1048; x_wconf 89' lang='grc'>201</span> <span class='ocrx_word' id='word_1_277' title='bbox 583 1020 653 1048; x_wconf 86' lang='lat' dir='ltr'>Pars</span> <span class='ocrx_word' id='word_1_278' title='bbox 674 1027 776 1054; x_wconf 81' lang='lat' dir='ltr'>evang.</span> <span class='ocrx_word' id='word_1_279' title='bbox 796 1033 832 1038; x_wconf 83' lang='lat'>——</span> <span class='ocrx_word' id='word_1_280' title='bbox 848 1019 908 1046; x_wconf 86' lang='grc'><strong>701·</strong></span> <span class='ocrx_word' id='word_1_281' title='bbox 927 1015 983 1046; x_wconf 89' lang='grc'>202</span> <span class='ocrx_word' id='word_1_282' title='bbox 1005 1018 1075 1045; x_wconf 89' lang='lat' dir='ltr'>Pars</span> <span class='ocrx_word' id='word_1_283' title='bbox 1096 1018 1173 1053; x_wconf 86' lang='lat' dir='ltr'>bapt.</span> <span class='ocrx_word' id='word_1_284' title='bbox 1195 1031 1230 1036; x_wconf 89' lang='lat'>—·</span> <span class='ocrx_word' id='word_1_285' title='bbox 1244 1017 1305 1044; x_wconf 84' lang='lat' dir='ltr'>Vor</span> <span class='ocrx_word' id='word_1_286' title='bbox 1325 1014 1380 1044; x_wconf 87' lang='grc'>203</span> <span class='ocrx_word' id='word_1_287' title='bbox 1393 1016 1466 1051; x_wconf 65' lang='lat' dir='ltr'>Pars</span> 
     </span>
     <span class='ocr_line' id='line_1_24' title="bbox 182 1054 1465 1095; baseline -0.005 -8"><span class='ocrx_word' id='word_1_288' title='bbox 182 1068 284 1095; x_wconf 82' lang='lat' dir='ltr'>evang.</span> <span class='ocrx_word' id='word_1_289' title='bbox 306 1062 401 1095; x_wconf 85' lang='lat' dir='ltr'>arguit</span> <span class='ocrx_word' id='word_1_290' title='bbox 420 1068 455 1086; x_wconf 81' lang='lat' dir='ltr'>ex</span> <span class='ocrx_word' id='word_1_291' title='bbox 475 1067 516 1090; x_wconf 68' lang='lat' dir='ltr'>eo,</span> <span class='ocrx_word' id='word_1_292' title='bbox 539 1058 615 1094; x_wconf 83' lang='lat' dir='ltr'>quod</span> <span class='ocrx_word' id='word_1_293' title='bbox 635 1057 776 1084; x_wconf 87' lang='lat' dir='ltr'>Dominus</span> <span class='ocrx_word' id='word_1_294' title='bbox 797 1056 879 1083; x_wconf 87' lang='lat' dir='ltr'>dicit:</span> <span class='ocrx_word' id='word_1_295' title='bbox 901 1057 966 1091; x_wconf 82' lang='lat' dir='ltr'>quis</span> <span class='ocrx_word' id='word_1_296' title='bbox 987 1057 1079 1083; x_wconf 86' lang='lat' dir='ltr'>maior</span> <span class='ocrx_word' id='word_1_297' title='bbox 1099 1059 1156 1087; x_wconf 90' lang='lat' dir='ltr'>est,</span> <span class='ocrx_word' id='word_1_298' title='bbox 1182 1055 1230 1090; x_wconf 83' lang='lat' dir='ltr'>qui</span> <span class='ocrx_word' id='word_1_299' title='bbox 1252 1054 1406 1087; x_wconf 76' lang='lat' dir='ltr'>recumbit,</span> <span class='ocrx_word' id='word_1_300' title='bbox 1428 1062 1465 1081; x_wconf 88' lang='lat' dir='ltr'>an</span> 
     </span>
     <span class='ocr_line' id='line_1_25' title="bbox 182 1089 1467 1132; baseline -0.005 -7"><span class='ocrx_word' id='word_1_301' title='bbox 182 1098 231 1132; x_wconf 87' lang='lat' dir='ltr'>qui</span> <span class='ocrx_word' id='word_1_302' title='bbox 258 1097 421 1125; x_wconf 82' lang='lat' dir='ltr'>ministrat?</span> <span class='ocrx_word' id='word_1_303' title='bbox 446 1111 483 1116; x_wconf 80' lang='lat'>-—-</span> <span class='ocrx_word' id='word_1_304' title='bbox 502 1096 562 1123; x_wconf 84' lang='lat' dir='ltr'>Vor</span> <span class='ocrx_word' id='word_1_305' title='bbox 589 1093 642 1121; x_wconf 91' lang='grc'>211</span> <span class='ocrx_word' id='word_1_306' title='bbox 663 1094 735 1121; x_wconf 80' lang='lat' dir='ltr'>Pars</span> <span class='ocrx_word' id='word_1_307' title='bbox 756 1095 834 1129; x_wconf 86' lang='lat' dir='ltr'>bapt.</span> <span class='ocrx_word' id='word_1_308' title='bbox 854 1107 890 1112; x_wconf 97' lang='lat'>—</span> <span class='ocrx_word' id='word_1_309' title='bbox 911 1093 971 1120; x_wconf 79' lang='grc'><strong>701·</strong></span> <span class='ocrx_word' id='word_1_310' title='bbox 990 1090 1045 1119; x_wconf 91' lang='grc'>216</span> <span class='ocrx_word' id='word_1_311' title='bbox 1064 1093 1135 1120; x_wconf 86' lang='lat' dir='ltr'>Pars</span> <span class='ocrx_word' id='word_1_312' title='bbox 1155 1100 1255 1127; x_wconf 83' lang='lat' dir='ltr'>evang.</span> <span class='ocrx_word' id='word_1_313' title='bbox 1273 1106 1294 1111; x_wconf 86' lang='lat'>-</span> <span class='ocrx_word' id='word_1_314' title='bbox 1306 1105 1312 1110; x_wconf 85' lang='lat'>-</span> <span class='ocrx_word' id='word_1_315' title='bbox 1331 1091 1391 1119; x_wconf 88' lang='grc'><strong>701·</strong></span> <span class='ocrx_word' id='word_1_316' title='bbox 1412 1089 1467 1118; x_wconf 91' lang='grc'>220</span> 
     </span>
     <span class='ocr_line' id='line_1_26' title="bbox 182 1126 1466 1169; baseline -0.005 -7"><span class='ocrx_word' id='word_1_317' title='bbox 182 1135 255 1161; x_wconf 88' lang='lat' dir='ltr'>Pars</span> <span class='ocrx_word' id='word_1_318' title='bbox 275 1135 352 1169; x_wconf 84' lang='lat' dir='ltr'>bapt.</span> <span class='ocrx_word' id='word_1_319' title='bbox 373 1148 409 1152; x_wconf 84' lang='lat'>—-</span> <span class='ocrx_word' id='word_1_320' title='bbox 428 1134 488 1161; x_wconf 84' lang='grc'><strong>701·</strong></span> <span class='ocrx_word' id='word_1_321' title='bbox 507 1131 562 1159; x_wconf 90' lang='grc'>222</span> <span class='ocrx_word' id='word_1_322' title='bbox 580 1132 651 1159; x_wconf 80' lang='lat' dir='ltr'>Pars</span> <span class='ocrx_word' id='word_1_323' title='bbox 674 1140 774 1166; x_wconf 86' lang='lat' dir='ltr'>evang.</span> <span class='ocrx_word' id='word_1_324' title='bbox 794 1144 830 1149; x_wconf 83' lang='lat'>——</span> <span class='ocrx_word' id='word_1_325' title='bbox 849 1131 910 1158; x_wconf 83' lang='grc'><strong>701·</strong></span> <span class='ocrx_word' id='word_1_326' title='bbox 930 1127 984 1157; x_wconf 89' lang='grc'>226</span> <span class='ocrx_word' id='word_1_327' title='bbox 1001 1130 1075 1157; x_wconf 88' lang='lat' dir='ltr'>Pars</span> <span class='ocrx_word' id='word_1_328' title='bbox 1095 1131 1172 1166; x_wconf 85' lang='lat' dir='ltr'>bapt.</span> <span class='ocrx_word' id='word_1_329' title='bbox 1193 1144 1228 1149; x_wconf 86' lang='lat'>-—</span> <span class='ocrx_word' id='word_1_330' title='bbox 1245 1130 1306 1157; x_wconf 87' lang='grc'><strong>701·</strong></span> <span class='ocrx_word' id='word_1_331' title='bbox 1325 1126 1380 1155; x_wconf 90' lang='grc'>227</span> <span class='ocrx_word' id='word_1_332' title='bbox 1392 1128 1466 1156; x_wconf 67' lang='lat' dir='ltr'>Pars</span> 
     </span>
     <span class='ocr_line' id='line_1_27' title="bbox 182 1165 1469 1240; baseline -0.005 -4"><span class='ocrx_word' id='word_1_333' title='bbox 182 1179 343 1236; x_wconf 47' lang='grc' dir='ltr'>Ξέῗέᾼὲζ</span> <span class='ocrx_word' id='word_1_334' title='bbox 353 1169 425 1235; x_wconf 56' lang='grc' dir='ltr'>θῖἶῗ,</span> <span class='ocrx_word' id='word_1_335' title='bbox 436 1171 506 1198; x_wconf 52' lang='lat'>³³⁸⁵</span> <span class='ocrx_word' id='word_1_336' title='bbox 527 1171 605 1234; x_wconf 52' lang='lat' dir='ltr'>lsst&#39;f?</span> <span class='ocrx_word' id='word_1_337' title='bbox 622 1165 1208 1240; x_wconf 49' lang='lat' dir='ltr'>{55²}ssrspa1ss‘2pivang&#39;ffirvssieffissaf?</span> <span class='ocrx_word' id='word_1_338' title='bbox 1209 1167 1336 1231; x_wconf 45' lang='lat' dir='ltr'>erYP*</span> <span class='ocrx_word' id='word_1_339' title='bbox 1357 1181 1393 1185; x_wconf 75' lang='grc'><em>“</em></span> <span class='ocrx_word' id='word_1_340' title='bbox 1405 1166 1469 1231; x_wconf 51' lang='grc' dir='ltr'>ἕὲἷ</span> 
     </span>
     <span class='ocr_line' id='line_1_28' title="bbox 180 1213 1468 1280; baseline -0.004 -7"><span class='ocrx_word' id='word_1_341' title='bbox 180 1244 236 1273; x_wconf 77' lang='grc'>238</span> <span class='ocrx_word' id='word_1_342' title='bbox 259 1245 332 1273; x_wconf 81' lang='lat' dir='ltr'>Pars</span> <span class='ocrx_word' id='word_1_343' title='bbox 356 1217 446 1280; x_wconf 82' lang='lat' dir='ltr'>bapt.g</span> <span class='ocrx_word' id='word_1_344' title='bbox 462 1259 498 1264; x_wconf 89' lang='lat'>——</span> <span class='ocrx_word' id='word_1_345' title='bbox 521 1245 583 1272; x_wconf 84' lang='grc'><strong>701·</strong></span> <span class='ocrx_word' id='word_1_346' title='bbox 609 1241 665 1271; x_wconf 88' lang='grc'>240</span> <span class='ocrx_word' id='word_1_347' title='bbox 692 1243 765 1270; x_wconf 81' lang='lat' dir='ltr'>Pars</span> <span class='ocrx_word' id='word_1_348' title='bbox 791 1250 893 1278; x_wconf 81' lang='lat' dir='ltr'>evang.</span> <span class='ocrx_word' id='word_1_349' title='bbox 918 1257 954 1260; x_wconf 97' lang='lat'><strong>—</strong></span> <span class='ocrx_word' id='word_1_350' title='bbox 977 1242 1040 1269; x_wconf 79' lang='grc'><strong>701·</strong></span> <span class='ocrx_word' id='word_1_351' title='bbox 1065 1240 1120 1269; x_wconf 87' lang='grc'>241</span> <span class='ocrx_word' id='word_1_352' title='bbox 1140 1242 1213 1270; x_wconf 81' lang='lat' dir='ltr'>Pars</span> <span class='ocrx_word' id='word_1_353' title='bbox 1238 1213 1318 1277; x_wconf 48' lang='lat' dir='ltr'>balpff.</span> <span class='ocrx_word' id='word_1_354' title='bbox 1345 1256 1380 1260; x_wconf 93' lang='lat'>—</span> <span class='ocrx_word' id='word_1_355' title='bbox 1404 1241 1468 1268; x_wconf 82' lang='lat' dir='ltr'>Vor</span> 
     </span>
     <span class='ocr_line' id='line_1_29' title="bbox 181 1278 1467 1317; baseline -0.003 -7"><span class='ocrx_word' id='word_1_356' title='bbox 181 1281 235 1310; x_wconf 87' lang='grc'>243</span> <span class='ocrx_word' id='word_1_357' title='bbox 259 1283 331 1310; x_wconf 85' lang='lat' dir='ltr'>Pars</span> <span class='ocrx_word' id='word_1_358' title='bbox 361 1290 460 1317; x_wconf 86' lang='lat' dir='ltr'>evang.</span> <span class='ocrx_word' id='word_1_359' title='bbox 486 1297 521 1302; x_wconf 85' lang='lat'><strong>—</strong></span> <span class='ocrx_word' id='word_1_360' title='bbox 546 1281 606 1308; x_wconf 89' lang='grc'><strong>701·</strong></span> <span class='ocrx_word' id='word_1_361' title='bbox 631 1279 686 1307; x_wconf 86' lang='grc'>244</span> <span class='ocrx_word' id='word_1_362' title='bbox 706 1281 777 1308; x_wconf 84' lang='lat' dir='ltr'>Pars</span> <span class='ocrx_word' id='word_1_363' title='bbox 803 1281 881 1314; x_wconf 88' lang='lat' dir='ltr'>bapt.</span> <span class='ocrx_word' id='word_1_364' title='bbox 906 1294 944 1299; x_wconf 78' lang='lat'><strong>—</strong></span> <span class='ocrx_word' id='word_1_365' title='bbox 963 1279 1023 1307; x_wconf 90' lang='lat' dir='ltr'>Vor</span> <span class='ocrx_word' id='word_1_366' title='bbox 1049 1278 1104 1307; x_wconf 87' lang='grc'>250</span> <span class='ocrx_word' id='word_1_367' title='bbox 1123 1280 1195 1307; x_wconf 87' lang='lat' dir='ltr'>Pars</span> <span class='ocrx_word' id='word_1_368' title='bbox 1223 1287 1324 1315; x_wconf 85' lang='lat' dir='ltr'>evang.</span> <span class='ocrx_word' id='word_1_369' title='bbox 1350 1296 1386 1299; x_wconf 97' lang='lat'><strong>—</strong></span> <span class='ocrx_word' id='word_1_370' title='bbox 1405 1279 1467 1306; x_wconf 84' lang='grc'><strong>701·</strong></span> 
     </span>
     <span class='ocr_line' id='line_1_30' title="bbox 180 1314 1466 1355; baseline -0.002 -9"><span class='ocrx_word' id='word_1_371' title='bbox 180 1318 236 1348; x_wconf 78' lang='lat'>253</span> <span class='ocrx_word' id='word_1_372' title='bbox 254 1320 326 1346; x_wconf 74' lang='lat' dir='ltr'>Pars</span> <span class='ocrx_word' id='word_1_373' title='bbox 350 1320 429 1355; x_wconf 80' lang='lat' dir='ltr'>bapt.</span> <span class='ocrx_word' id='word_1_374' title='bbox 451 1333 490 1338; x_wconf 87' lang='lat'>——</span> <span class='ocrx_word' id='word_1_375' title='bbox 507 1319 567 1346; x_wconf 80' lang='grc'><strong>701·</strong></span> <span class='ocrx_word' id='word_1_376' title='bbox 587 1316 641 1345; x_wconf 87' lang='grc'>259</span> <span class='ocrx_word' id='word_1_377' title='bbox 662 1318 734 1345; x_wconf 75' lang='lat' dir='ltr'>Pars</span> <span class='ocrx_word' id='word_1_378' title='bbox 754 1325 856 1351; x_wconf 77' lang='lat' dir='ltr'>evang.</span> <span class='ocrx_word' id='word_1_379' title='bbox 875 1330 911 1335; x_wconf 82' lang='lat'>—-</span> <span class='ocrx_word' id='word_1_380' title='bbox 932 1317 992 1344; x_wconf 86' lang='grc'><strong>701·</strong></span> <span class='ocrx_word' id='word_1_381' title='bbox 1009 1314 1064 1344; x_wconf 86' lang='grc'>265</span> <span class='ocrx_word' id='word_1_382' title='bbox 1084 1317 1165 1344; x_wconf 83' lang='lat' dir='ltr'>Pars.</span> <span class='ocrx_word' id='word_1_383' title='bbox 1186 1318 1266 1353; x_wconf 80' lang='lat' dir='ltr'>bapt.</span> <span class='ocrx_word' id='word_1_384' title='bbox 1288 1317 1367 1350; x_wconf 82' lang='lat' dir='ltr'>dicit,</span> <span class='ocrx_word' id='word_1_385' title='bbox 1388 1316 1466 1351; x_wconf 85' lang='lat' dir='ltr'>quod</span> 
     </span>
     <span class='ocr_line' id='line_1_31' title="bbox 181 1351 1466 1393; baseline -0.003 -9"><span class='ocrx_word' id='word_1_386' title='bbox 181 1358 308 1393; x_wconf 83' lang='lat' dir='ltr'>baptista</span> <span class='ocrx_word' id='word_1_387' title='bbox 335 1358 374 1383; x_wconf 80' lang='lat' dir='ltr'>sit</span> <span class='ocrx_word' id='word_1_388' title='bbox 400 1356 558 1390; x_wconf 72' lang='lat' dir='ltr'>exemplum</span> <span class='ocrx_word' id='word_1_389' title='bbox 584 1355 788 1390; x_wconf 78' lang='lat' dir='ltr'>parcimoniae.</span> <span class='ocrx_word' id='word_1_390' title='bbox 813 1368 850 1372; x_wconf 90' lang='lat'>—</span> <span class='ocrx_word' id='word_1_391' title='bbox 868 1355 929 1381; x_wconf 88' lang='grc'><strong>701·</strong></span> <span class='ocrx_word' id='word_1_392' title='bbox 948 1351 1011 1386; x_wconf 78' lang='grc'><strong>265,</strong></span> <span class='ocrx_word' id='word_1_393' title='bbox 1034 1353 1054 1381; x_wconf 87' lang='lat'>4</span> <span class='ocrx_word' id='word_1_394' title='bbox 1071 1354 1143 1382; x_wconf 88' lang='lat' dir='ltr'>Pars</span> <span class='ocrx_word' id='word_1_395' title='bbox 1165 1363 1267 1389; x_wconf 85' lang='lat' dir='ltr'>evang.</span> <span class='ocrx_word' id='word_1_396' title='bbox 1288 1355 1367 1387; x_wconf 80' lang='lat' dir='ltr'>dicit,</span> <span class='ocrx_word' id='word_1_397' title='bbox 1390 1353 1466 1388; x_wconf 88' lang='lat' dir='ltr'>quod</span> 
     </span>
     <span class='ocr_line' id='line_1_32' title="bbox 180 1389 1465 1427; baseline -0.002 -6"><span class='ocrx_word' id='word_1_398' title='bbox 180 1395 221 1421; x_wconf 90' lang='lat' dir='ltr'>Io.</span> <span class='ocrx_word' id='word_1_399' title='bbox 242 1394 296 1420; x_wconf 86' lang='lat' dir='ltr'>Ev.</span> <span class='ocrx_word' id='word_1_400' title='bbox 322 1395 362 1420; x_wconf 85' lang='lat' dir='ltr'>sit</span> <span class='ocrx_word' id='word_1_401' title='bbox 389 1393 535 1421; x_wconf 86' lang='lat' dir='ltr'>eunuchus</span> <span class='ocrx_word' id='word_1_402' title='bbox 563 1394 758 1420; x_wconf 78' lang='lat' dir='ltr'>castimoniae.</span> <span class='ocrx_word' id='word_1_403' title='bbox 779 1406 815 1411; x_wconf 84' lang='lat'>—-</span> <span class='ocrx_word' id='word_1_404' title='bbox 836 1391 897 1418; x_wconf 70' lang='grc'><strong>701·</strong></span> <span class='ocrx_word' id='word_1_405' title='bbox 916 1389 971 1418; x_wconf 90' lang='grc'>266</span> <span class='ocrx_word' id='word_1_406' title='bbox 989 1390 1061 1418; x_wconf 85' lang='lat' dir='ltr'>Pars</span> <span class='ocrx_word' id='word_1_407' title='bbox 1082 1392 1161 1427; x_wconf 87' lang='lat' dir='ltr'>bapt.</span> <span class='ocrx_word' id='word_1_408' title='bbox 1181 1408 1219 1412; x_wconf 88' lang='lat'>—</span> <span class='ocrx_word' id='word_1_409' title='bbox 1237 1392 1298 1419; x_wconf 89' lang='grc'><strong>701·</strong></span> <span class='ocrx_word' id='word_1_410' title='bbox 1317 1389 1373 1418; x_wconf 89' lang='grc'>267</span> <span class='ocrx_word' id='word_1_411' title='bbox 1393 1391 1465 1419; x_wconf 83' lang='lat' dir='ltr'>Pars</span> 
     </span>
     <span class='ocr_line' id='line_1_33' title="bbox 184 1427 1467 1465; baseline -0.002 -7"><span class='ocrx_word' id='word_1_412' title='bbox 184 1439 283 1465; x_wconf 87' lang='lat' dir='ltr'>evang.</span> <span class='ocrx_word' id='word_1_413' title='bbox 309 1445 347 1450; x_wconf 89' lang='lat'>-—</span> <span class='ocrx_word' id='word_1_414' title='bbox 378 1430 436 1458; x_wconf 86' lang='grc'><strong>701·</strong></span> <span class='ocrx_word' id='word_1_415' title='bbox 462 1427 517 1457; x_wconf 81' lang='grc'>268</span> <span class='ocrx_word' id='word_1_416' title='bbox 542 1430 615 1457; x_wconf 85' lang='lat' dir='ltr'>Pars</span> <span class='ocrx_word' id='word_1_417' title='bbox 638 1430 715 1464; x_wconf 85' lang='lat' dir='ltr'>bapt.</span> <span class='ocrx_word' id='word_1_418' title='bbox 736 1429 832 1464; x_wconf 74' lang='lat' dir='ltr'>arguit</span> <span class='ocrx_word' id='word_1_419' title='bbox 852 1437 886 1455; x_wconf 86' lang='lat' dir='ltr'>ex</span> <span class='ocrx_word' id='word_1_420' title='bbox 908 1437 949 1461; x_wconf 86' lang='lat' dir='ltr'>eo,</span> <span class='ocrx_word' id='word_1_421' title='bbox 971 1429 1047 1461; x_wconf 84' lang='lat' dir='ltr'>quod</span> <span class='ocrx_word' id='word_1_422' title='bbox 1067 1429 1098 1455; x_wconf 89' lang='lat' dir='ltr'>in</span> <span class='ocrx_word' id='word_1_423' title='bbox 1118 1430 1320 1457; x_wconf 82' lang='lat' dir='ltr'>decantatione</span> <span class='ocrx_word' id='word_1_424' title='bbox 1341 1429 1467 1456; x_wconf 86' lang='lat' dir='ltr'>letaniae</span> 
     </span>
     <span class='ocr_line' id='line_1_34' title="bbox 182 1463 1467 1503; baseline -0.002 -9"><span class='ocrx_word' id='word_1_425' title='bbox 182 1469 258 1503; x_wconf 89' lang='lat' dir='ltr'>bapt.</span> <span class='ocrx_word' id='word_1_426' title='bbox 287 1468 367 1502; x_wconf 76' lang='lat' dir='ltr'>prius</span> <span class='ocrx_word' id='word_1_427' title='bbox 393 1468 544 1494; x_wconf 86' lang='lat' dir='ltr'>invocatur</span> <span class='ocrx_word' id='word_1_428' title='bbox 570 1474 655 1501; x_wconf 86' lang='lat' dir='ltr'>quam</span> <span class='ocrx_word' id='word_1_429' title='bbox 682 1474 782 1502; x_wconf 84' lang='lat' dir='ltr'>evang.</span> <span class='ocrx_word' id='word_1_430' title='bbox 803 1479 840 1485; x_wconf 54' lang='grc' dir='ltr'>ν-</span> <span class='ocrx_word' id='word_1_431' title='bbox 859 1466 919 1493; x_wconf 84' lang='grc'><strong>701·</strong></span> <span class='ocrx_word' id='word_1_432' title='bbox 939 1463 993 1493; x_wconf 86' lang='grc'>269</span> <span class='ocrx_word' id='word_1_433' title='bbox 1022 1466 1094 1493; x_wconf 89' lang='lat' dir='ltr'>Pars</span> <span class='ocrx_word' id='word_1_434' title='bbox 1116 1474 1216 1503; x_wconf 82' lang='lat' dir='ltr'>evang.</span> <span class='ocrx_word' id='word_1_435' title='bbox 1237 1466 1316 1501; x_wconf 82' lang='lat' dir='ltr'>dicit,</span> <span class='ocrx_word' id='word_1_436' title='bbox 1338 1466 1415 1499; x_wconf 85' lang='lat' dir='ltr'>quod</span> <span class='ocrx_word' id='word_1_437' title='bbox 1434 1468 1467 1493; x_wconf 91' lang='lat' dir='ltr'>in</span> 
     </span>
     <span class='ocr_line' id='line_1_35' title="bbox 185 1502 1468 1539; baseline 0 -8"><span class='ocrx_word' id='word_1_438' title='bbox 185 1513 295 1532; x_wconf 83' lang='lat' dir='ltr'>canone</span> <span class='ocrx_word' id='word_1_439' title='bbox 314 1506 420 1531; x_wconf 77' lang='lat' dir='ltr'>missae</span> <span class='ocrx_word' id='word_1_440' title='bbox 438 1504 500 1531; x_wconf 87' lang='lat' dir='ltr'>Ioh.</span> <span class='ocrx_word' id='word_1_441' title='bbox 522 1511 621 1539; x_wconf 86' lang='lat' dir='ltr'>evang.</span> <span class='ocrx_word' id='word_1_442' title='bbox 643 1505 795 1530; x_wconf 86' lang='lat' dir='ltr'>veneratur</span> <span class='ocrx_word' id='word_1_443' title='bbox 815 1505 844 1529; x_wconf 88' lang='lat' dir='ltr'>et</span> <span class='ocrx_word' id='word_1_444' title='bbox 862 1511 921 1530; x_wconf 91' lang='lat' dir='ltr'>non</span> <span class='ocrx_word' id='word_1_445' title='bbox 943 1503 1020 1538; x_wconf 84' lang='lat' dir='ltr'>bapt.</span> <span class='ocrx_word' id='word_1_446' title='bbox 1042 1517 1076 1521; x_wconf 91' lang='lat'>—-</span> <span class='ocrx_word' id='word_1_447' title='bbox 1091 1504 1151 1531; x_wconf 92' lang='lat' dir='ltr'>Vor</span> <span class='ocrx_word' id='word_1_448' title='bbox 1171 1502 1225 1530; x_wconf 88' lang='grc'>271</span> <span class='ocrx_word' id='word_1_449' title='bbox 1239 1504 1312 1531; x_wconf 89' lang='lat' dir='ltr'>Pars</span> <span class='ocrx_word' id='word_1_450' title='bbox 1332 1504 1411 1539; x_wconf 88' lang='lat' dir='ltr'>bapt.</span> <span class='ocrx_word' id='word_1_451' title='bbox 1430 1518 1468 1521; x_wconf 96' lang='lat'><strong>—</strong></span> 
     </span>
     <span class='ocr_line' id='line_1_36' title="bbox 182 1538 1465 1576; baseline -0.001 -8"><span class='ocrx_word' id='word_1_452' title='bbox 182 1542 242 1569; x_wconf 75' lang='lat' dir='ltr'>Vox·</span> <span class='ocrx_word' id='word_1_453' title='bbox 255 1539 308 1569; x_wconf 91' lang='grc'>275</span> <span class='ocrx_word' id='word_1_454' title='bbox 324 1541 395 1569; x_wconf 85' lang='lat' dir='ltr'>Pars</span> <span class='ocrx_word' id='word_1_455' title='bbox 416 1549 517 1575; x_wconf 86' lang='lat' dir='ltr'>evang.</span> <span class='ocrx_word' id='word_1_456' title='bbox 531 1554 568 1559; x_wconf 80' lang='lat'>—-</span> <span class='ocrx_word' id='word_1_457' title='bbox 587 1541 647 1568; x_wconf 89' lang='grc'><strong>701·</strong></span> <span class='ocrx_word' id='word_1_458' title='bbox 661 1538 715 1568; x_wconf 86' lang='grc'>283</span> <span class='ocrx_word' id='word_1_459' title='bbox 729 1540 800 1568; x_wconf 86' lang='lat' dir='ltr'>Pars</span> <span class='ocrx_word' id='word_1_460' title='bbox 814 1540 893 1575; x_wconf 84' lang='lat' dir='ltr'>bapt.</span> <span class='ocrx_word' id='word_1_461' title='bbox 907 1540 966 1566; x_wconf 87' lang='lat' dir='ltr'>Hic</span> <span class='ocrx_word' id='word_1_462' title='bbox 977 1547 1043 1575; x_wconf 87' lang='lat' dir='ltr'>pars</span> <span class='ocrx_word' id='word_1_463' title='bbox 1056 1541 1135 1576; x_wconf 85' lang='lat' dir='ltr'>bapt.</span> <span class='ocrx_word' id='word_1_464' title='bbox 1149 1540 1303 1574; x_wconf 86' lang='lat' dir='ltr'>respondet</span> <span class='ocrx_word' id='word_1_465' title='bbox 1315 1544 1426 1576; x_wconf 84' lang='lat' dir='ltr'>partem</span> <span class='ocrx_word' id='word_1_466' title='bbox 1434 1538 1465 1576; x_wconf 76' lang='grc' dir='ltr'>[Ξ]</span> 
     </span>
     <span class='ocr_line' id='line_1_37' title="bbox 184 1576 1468 1614; baseline -0.001 -8"><span class='ocrx_word' id='word_1_467' title='bbox 184 1579 380 1614; x_wconf 80' lang='lat' dir='ltr'>evangelistae</span> <span class='ocrx_word' id='word_1_468' title='bbox 406 1586 440 1605; x_wconf 80' lang='lat' dir='ltr'>ex</span> <span class='ocrx_word' id='word_1_469' title='bbox 460 1586 492 1606; x_wconf 87' lang='lat' dir='ltr'>eo</span> <span class='ocrx_word' id='word_1_470' title='bbox 513 1577 590 1614; x_wconf 81' lang='lat' dir='ltr'>quod</span> <span class='ocrx_word' id='word_1_471' title='bbox 613 1585 701 1613; x_wconf 87' lang='lat' dir='ltr'>supra</span> <span class='ocrx_word' id='word_1_472' title='bbox 719 1579 750 1604; x_wconf 92' lang='lat' dir='ltr'>in</span> <span class='ocrx_word' id='word_1_473' title='bbox 768 1576 868 1605; x_wconf 87' lang='lat' dir='ltr'>libello</span> <span class='ocrx_word' id='word_1_474' title='bbox 890 1576 975 1609; x_wconf 71' lang='lat' dir='ltr'>dixit,</span> <span class='ocrx_word' id='word_1_475' title='bbox 1003 1585 1068 1604; x_wconf 88' lang='lat' dir='ltr'>eum</span> <span class='ocrx_word' id='word_1_476' title='bbox 1087 1578 1279 1605; x_wconf 84' lang='lat' dir='ltr'>recumbendo</span> <span class='ocrx_word' id='word_1_477' title='bbox 1299 1587 1388 1614; x_wconf 85' lang='lat' dir='ltr'>supra</span> <span class='ocrx_word' id='word_1_478' title='bbox 1403 1586 1468 1613; x_wconf 90' lang='lat' dir='ltr'>pec-</span> 
     </span>
     <span class='ocr_line' id='line_1_38' title="bbox 183 1614 1467 1650; baseline -0.001 -8"><span class='ocrx_word' id='word_1_479' title='bbox 183 1619 229 1644; x_wconf 87' lang='lat' dir='ltr'>tus</span> <span class='ocrx_word' id='word_1_480' title='bbox 246 1616 350 1643; x_wconf 79' lang='lat' dir='ltr'>Christi</span> <span class='ocrx_word' id='word_1_481' title='bbox 366 1615 542 1643; x_wconf 75' lang='lat' dir='ltr'>obdormisse</span> <span class='ocrx_word' id='word_1_482' title='bbox 556 1617 585 1642; x_wconf 85' lang='lat' dir='ltr'>et</span> <span class='ocrx_word' id='word_1_483' title='bbox 598 1615 682 1650; x_wconf 90' lang='lat' dir='ltr'>quod,</span> <span class='ocrx_word' id='word_1_484' title='bbox 704 1615 835 1649; x_wconf 85' lang='lat' dir='ltr'>quamvis</span> <span class='ocrx_word' id='word_1_485' title='bbox 849 1614 1021 1647; x_wconf 70' lang='lat' dir='ltr'>recubuerit,</span> <span class='ocrx_word' id='word_1_486' title='bbox 1038 1622 1097 1642; x_wconf 87' lang='lat' dir='ltr'>non</span> <span class='ocrx_word' id='word_1_487' title='bbox 1110 1617 1206 1642; x_wconf 85' lang='lat' dir='ltr'>tamen</span> <span class='ocrx_word' id='word_1_488' title='bbox 1220 1615 1416 1644; x_wconf 85' lang='lat' dir='ltr'>obdormierit.</span> <span class='ocrx_word' id='word_1_489' title='bbox 1430 1630 1467 1634; x_wconf 92' lang='lat'>—-</span> 
     </span>
     <span class='ocr_line' id='line_1_39' title="bbox 182 1649 1467 1690; baseline -0.001 -10"><span class='ocrx_word' id='word_1_490' title='bbox 182 1654 243 1680; x_wconf 81' lang='lat' dir='ltr'>Vm·</span> <span class='ocrx_word' id='word_1_491' title='bbox 270 1651 325 1680; x_wconf 82' lang='grc'>285</span> <span class='ocrx_word' id='word_1_492' title='bbox 347 1653 419 1680; x_wconf 77' lang='lat' dir='ltr'>Pars</span> <span class='ocrx_word' id='word_1_493' title='bbox 446 1660 547 1688; x_wconf 85' lang='lat' dir='ltr'>evang.</span> <span class='ocrx_word' id='word_1_494' title='bbox 572 1666 607 1670; x_wconf 92' lang='lat'><strong>—</strong></span> <span class='ocrx_word' id='word_1_495' title='bbox 627 1652 688 1679; x_wconf 85' lang='grc'><strong>701·</strong></span> <span class='ocrx_word' id='word_1_496' title='bbox 711 1649 767 1679; x_wconf 84' lang='grc'>288</span> <span class='ocrx_word' id='word_1_497' title='bbox 786 1652 857 1679; x_wconf 80' lang='lat' dir='ltr'>Pars</span> <span class='ocrx_word' id='word_1_498' title='bbox 883 1652 962 1687; x_wconf 79' lang='lat' dir='ltr'>bapt.</span> <span class='ocrx_word' id='word_1_499' title='bbox 987 1665 1023 1670; x_wconf 87' lang='lat'>—</span> <span class='ocrx_word' id='word_1_500' title='bbox 1052 1652 1113 1679; x_wconf 82' lang='grc'><strong>701·</strong></span> <span class='ocrx_word' id='word_1_501' title='bbox 1137 1650 1192 1680; x_wconf 86' lang='grc'>290</span> <span class='ocrx_word' id='word_1_502' title='bbox 1212 1654 1283 1680; x_wconf 75' lang='lat' dir='ltr'>Pars</span> <span class='ocrx_word' id='word_1_503' title='bbox 1308 1661 1410 1690; x_wconf 80' lang='lat' dir='ltr'>evang.</span> <span class='ocrx_word' id='word_1_504' title='bbox 1435 1667 1467 1672; x_wconf 85' lang='lat'><em>-</em></span> 
     </span>
     <span class='ocr_line' id='line_1_40' title="bbox 183 1687 1470 1727; baseline 0.001 -10"><span class='ocrx_word' id='word_1_505' title='bbox 183 1691 243 1718; x_wconf 83' lang='lat' dir='ltr'>Vor</span> <span class='ocrx_word' id='word_1_506' title='bbox 274 1687 328 1718; x_wconf 87' lang='grc'>293</span> <span class='ocrx_word' id='word_1_507' title='bbox 348 1690 420 1717; x_wconf 86' lang='lat' dir='ltr'>Pars</span> <span class='ocrx_word' id='word_1_508' title='bbox 440 1690 518 1726; x_wconf 85' lang='lat' dir='ltr'>bapt.</span> <span class='ocrx_word' id='word_1_509' title='bbox 539 1703 575 1708; x_wconf 87' lang='lat'>—-</span> <span class='ocrx_word' id='word_1_510' title='bbox 594 1689 654 1716; x_wconf 85' lang='lat' dir='ltr'>Vor</span> <span class='ocrx_word' id='word_1_511' title='bbox 674 1687 728 1716; x_wconf 87' lang='grc'>296</span> <span class='ocrx_word' id='word_1_512' title='bbox 747 1689 820 1716; x_wconf 82' lang='lat' dir='ltr'>Pars</span> <span class='ocrx_word' id='word_1_513' title='bbox 842 1697 942 1724; x_wconf 75' lang='lat' dir='ltr'>evang.</span> <span class='ocrx_word' id='word_1_514' title='bbox 962 1703 1000 1708; x_wconf 90' lang='lat'>——</span> <span class='ocrx_word' id='word_1_515' title='bbox 1018 1690 1080 1717; x_wconf 86' lang='lat' dir='ltr'>Vor</span> <span class='ocrx_word' id='word_1_516' title='bbox 1093 1688 1148 1718; x_wconf 90' lang='grc'>298</span> <span class='ocrx_word' id='word_1_517' title='bbox 1168 1690 1239 1718; x_wconf 82' lang='lat' dir='ltr'>Pars</span> <span class='ocrx_word' id='word_1_518' title='bbox 1260 1690 1339 1727; x_wconf 88' lang='lat' dir='ltr'>bapt.</span> <span class='ocrx_word' id='word_1_519' title='bbox 1353 1706 1390 1710; x_wconf 89' lang='lat'><strong>—</strong></span> <span class='ocrx_word' id='word_1_520' title='bbox 1411 1691 1470 1718; x_wconf 80' lang='grc'><strong>701·</strong></span> 
     </span>
     <span class='ocr_line' id='line_1_41' title="bbox 183 1724 1470 1764; baseline 0.002 -10"><span class='ocrx_word' id='word_1_521' title='bbox 183 1725 238 1755; x_wconf 86' lang='grc'>300</span> <span class='ocrx_word' id='word_1_522' title='bbox 258 1728 328 1755; x_wconf 76' lang='lat' dir='ltr'>Pars</span> <span class='ocrx_word' id='word_1_523' title='bbox 356 1735 457 1762; x_wconf 80' lang='lat' dir='ltr'>evang.</span> <span class='ocrx_word' id='word_1_524' title='bbox 486 1741 519 1745; x_wconf 86' lang='lat'>-—</span> <span class='ocrx_word' id='word_1_525' title='bbox 546 1727 607 1755; x_wconf 88' lang='grc'><strong>701·</strong></span> <span class='ocrx_word' id='word_1_526' title='bbox 626 1724 681 1754; x_wconf 87' lang='grc'>302</span> <span class='ocrx_word' id='word_1_527' title='bbox 701 1727 771 1754; x_wconf 89' lang='lat' dir='ltr'>Pars</span> <span class='ocrx_word' id='word_1_528' title='bbox 796 1728 874 1762; x_wconf 86' lang='lat' dir='ltr'>bapt.</span> <span class='ocrx_word' id='word_1_529' title='bbox 902 1740 933 1744; x_wconf 94' lang='lat'>—</span> <span class='ocrx_word' id='word_1_530' title='bbox 960 1726 1021 1755; x_wconf 85' lang='grc'><strong>701·</strong></span> <span class='ocrx_word' id='word_1_531' title='bbox 1045 1725 1100 1755; x_wconf 88' lang='grc'><strong>305</strong></span> <span class='ocrx_word' id='word_1_532' title='bbox 1120 1728 1191 1755; x_wconf 83' lang='lat' dir='ltr'>Pars</span> <span class='ocrx_word' id='word_1_533' title='bbox 1217 1736 1320 1764; x_wconf 87' lang='lat' dir='ltr'>evang.</span> <span class='ocrx_word' id='word_1_534' title='bbox 1344 1745 1381 1749; x_wconf 91' lang='lat'>—</span> <span class='ocrx_word' id='word_1_535' title='bbox 1410 1729 1470 1756; x_wconf 85' lang='lat' dir='ltr'>Vor</span> 
     </span>
     <span class='ocr_line' id='line_1_42' title="bbox 184 1761 1471 1801; baseline -0.001 -9"><span class='ocrx_word' id='word_1_536' title='bbox 184 1762 240 1792; x_wconf 85' lang='lat'>307</span> <span class='ocrx_word' id='word_1_537' title='bbox 269 1764 341 1792; x_wconf 86' lang='lat' dir='ltr'>Pars</span> <span class='ocrx_word' id='word_1_538' title='bbox 371 1765 448 1799; x_wconf 87' lang='lat' dir='ltr'>bapt.</span> <span class='ocrx_word' id='word_1_539' title='bbox 478 1779 514 1784; x_wconf 57' lang='grc' dir='ltr'>υ-</span> <span class='ocrx_word' id='word_1_540' title='bbox 543 1765 603 1792; x_wconf 71' lang='lat' dir='ltr'>Vol·</span> <span class='ocrx_word' id='word_1_541' title='bbox 633 1761 688 1791; x_wconf 88' lang='grc'>308</span> <span class='ocrx_word' id='word_1_542' title='bbox 715 1765 853 1791; x_wconf 82' lang='lat' dir='ltr'>Assessor</span> <span class='ocrx_word' id='word_1_543' title='bbox 882 1765 986 1801; x_wconf 88' lang='lat' dir='ltr'>instat,</span> <span class='ocrx_word' id='word_1_544' title='bbox 1018 1765 1094 1800; x_wconf 87' lang='lat' dir='ltr'>quod</span> <span class='ocrx_word' id='word_1_545' title='bbox 1123 1768 1219 1801; x_wconf 85' lang='lat' dir='ltr'>partes</span> <span class='ocrx_word' id='word_1_546' title='bbox 1250 1767 1471 1799; x_wconf 79' lang='lat' dir='ltr'>probationibus</span> 
     </span>
     <span class='ocr_line' id='line_1_43' title="bbox 184 1799 1470 1832; baseline 0.002 -3"><span class='ocrx_word' id='word_1_547' title='bbox 184 1803 350 1829; x_wconf 84' lang='lat' dir='ltr'>renuntient</span> <span class='ocrx_word' id='word_1_548' title='bbox 387 1803 416 1829; x_wconf 86' lang='lat' dir='ltr'>et</span> <span class='ocrx_word' id='word_1_549' title='bbox 449 1802 622 1829; x_wconf 77' lang='lat' dir='ltr'>concludant</span> <span class='ocrx_word' id='word_1_550' title='bbox 653 1802 684 1828; x_wconf 89' lang='lat' dir='ltr'>in</span> <span class='ocrx_word' id='word_1_551' title='bbox 717 1809 813 1829; x_wconf 80' lang='lat' dir='ltr'>eausa.</span> <span class='ocrx_word' id='word_1_552' title='bbox 847 1816 884 1820; x_wconf 94' lang='lat'>—-</span> <span class='ocrx_word' id='word_1_553' title='bbox 916 1802 975 1829; x_wconf 91' lang='lat' dir='ltr'>Vor</span> <span class='ocrx_word' id='word_1_554' title='bbox 1007 1799 1062 1830; x_wconf 89' lang='lat'>310</span> <span class='ocrx_word' id='word_1_555' title='bbox 1094 1803 1196 1830; x_wconf 82' lang='lat' dir='ltr'>Partes</span> <span class='ocrx_word' id='word_1_556' title='bbox 1230 1805 1371 1832; x_wconf 86' lang='lat' dir='ltr'>assessori</span> <span class='ocrx_word' id='word_1_557' title='bbox 1404 1812 1470 1831; x_wconf 85' lang='lat' dir='ltr'>con-</span> 
     </span>
     <span class='ocr_line' id='line_1_44' title="bbox 187 1837 1473 1869; baseline 0.002 -3"><span class='ocrx_word' id='word_1_558' title='bbox 187 1840 315 1866; x_wconf 89' lang='lat' dir='ltr'>sentiunt</span> <span class='ocrx_word' id='word_1_559' title='bbox 353 1841 382 1866; x_wconf 89' lang='lat' dir='ltr'>et</span> <span class='ocrx_word' id='word_1_560' title='bbox 421 1839 601 1866; x_wconf 81' lang='lat' dir='ltr'>concludunt.</span> <span class='ocrx_word' id='word_1_561' title='bbox 634 1853 673 1858; x_wconf 85' lang='grc'>--</span> <span class='ocrx_word' id='word_1_562' title='bbox 711 1840 770 1866; x_wconf 85' lang='grc'><strong>701·</strong></span> <span class='ocrx_word' id='word_1_563' title='bbox 801 1837 854 1867; x_wconf 86' lang='grc'>311</span> <span class='ocrx_word' id='word_1_564' title='bbox 889 1839 1081 1867; x_wconf 86' lang='lat' dir='ltr'>Conclusione</span> <span class='ocrx_word' id='word_1_565' title='bbox 1112 1841 1189 1868; x_wconf 84' lang='lat' dir='ltr'>facta</span> <span class='ocrx_word' id='word_1_566' title='bbox 1221 1844 1287 1869; x_wconf 88' lang='lat' dir='ltr'>acta</span> <span class='ocrx_word' id='word_1_567' title='bbox 1319 1842 1473 1869; x_wconf 84' lang='lat' dir='ltr'>traduntur</span> 
     </span>
     <span class='ocr_line' id='line_1_45' title="bbox 186 1873 1472 1915; baseline 0.003 -12"><span class='ocrx_word' id='word_1_568' title='bbox 186 1877 277 1903; x_wconf 81' lang='lat' dir='ltr'>iudici</span> <span class='ocrx_word' id='word_1_569' title='bbox 297 1875 334 1903; x_wconf 85' lang='lat' dir='ltr'>ad</span> <span class='ocrx_word' id='word_1_570' title='bbox 354 1876 584 1903; x_wconf 84' lang='lat' dir='ltr'>examinandum.</span> <span class='ocrx_word' id='word_1_571' title='bbox 604 1890 642 1895; x_wconf 88' lang='lat'>—</span> <span class='ocrx_word' id='word_1_572' title='bbox 660 1876 721 1904; x_wconf 88' lang='lat' dir='ltr'>Vor</span> <span class='ocrx_word' id='word_1_573' title='bbox 740 1873 795 1904; x_wconf 87' lang='lat'>318</span> <span class='ocrx_word' id='word_1_574' title='bbox 814 1876 904 1904; x_wconf 78' lang='lat' dir='ltr'>Iudex</span> <span class='ocrx_word' id='word_1_575' title='bbox 923 1879 1045 1904; x_wconf 83' lang='lat' dir='ltr'>actitata</span> <span class='ocrx_word' id='word_1_576' title='bbox 1062 1880 1187 1913; x_wconf 88' lang='lat' dir='ltr'>partium</span> <span class='ocrx_word' id='word_1_577' title='bbox 1208 1882 1237 1906; x_wconf 91' lang='lat' dir='ltr'>et</span> <span class='ocrx_word' id='word_1_578' title='bbox 1255 1880 1386 1915; x_wconf 83' lang='lat' dir='ltr'>singulos</span> <span class='ocrx_word' id='word_1_579' title='bbox 1406 1888 1472 1914; x_wconf 85' lang='lat' dir='ltr'>pro-</span> 
     </span>
     <span class='ocr_line' id='line_1_46' title="bbox 185 1912 1472 1946; baseline 0.005 -6"><span class='ocrx_word' id='word_1_580' title='bbox 185 1922 281 1941; x_wconf 81' lang='lat' dir='ltr'>cessus</span> <span class='ocrx_word' id='word_1_581' title='bbox 303 1913 419 1941; x_wconf 79' lang='lat' dir='ltr'>habitos</span> <span class='ocrx_word' id='word_1_582' title='bbox 447 1915 477 1940; x_wconf 92' lang='lat' dir='ltr'>in</span> <span class='ocrx_word' id='word_1_583' title='bbox 505 1921 592 1941; x_wconf 81' lang='lat' dir='ltr'>causa</span> <span class='ocrx_word' id='word_1_584' title='bbox 619 1915 771 1943; x_wconf 85' lang='lat' dir='ltr'>examinat.</span> <span class='ocrx_word' id='word_1_585' title='bbox 799 1928 833 1933; x_wconf 72' lang='lat'>—-</span> <span class='ocrx_word' id='word_1_586' title='bbox 852 1914 914 1941; x_wconf 85' lang='lat' dir='ltr'>Vor</span> <span class='ocrx_word' id='word_1_587' title='bbox 939 1912 994 1942; x_wconf 80' lang='grc'>321</span> <span class='ocrx_word' id='word_1_588' title='bbox 1013 1915 1105 1942; x_wconf 83' lang='lat' dir='ltr'>Iudex</span> <span class='ocrx_word' id='word_1_589' title='bbox 1124 1917 1181 1942; x_wconf 87' lang='lat' dir='ltr'>Dei</span> <span class='ocrx_word' id='word_1_590' title='bbox 1199 1918 1317 1945; x_wconf 88' lang='lat' dir='ltr'>nomine</span> <span class='ocrx_word' id='word_1_591' title='bbox 1335 1918 1472 1946; x_wconf 80' lang='lat' dir='ltr'>invocato</span> 
     </span>
     <span class='ocr_line' id='line_1_47' title="bbox 184 1951 1474 1985; baseline 0.004 -7"><span class='ocrx_word' id='word_1_592' title='bbox 184 1959 248 1978; x_wconf 83' lang='lat' dir='ltr'>eum</span> <span class='ocrx_word' id='word_1_593' title='bbox 276 1951 397 1978; x_wconf 84' lang='lat' dir='ltr'>consilio</span> <span class='ocrx_word' id='word_1_594' title='bbox 425 1959 602 1978; x_wconf 88' lang='lat' dir='ltr'>assessorum</span> <span class='ocrx_word' id='word_1_595' title='bbox 629 1954 658 1978; x_wconf 89' lang='lat' dir='ltr'>et</span> <span class='ocrx_word' id='word_1_596' title='bbox 681 1951 803 1979; x_wconf 86' lang='lat' dir='ltr'>aliorum</span> <span class='ocrx_word' id='word_1_597' title='bbox 830 1952 982 1979; x_wconf 88' lang='lat' dir='ltr'>multorum</span> <span class='ocrx_word' id='word_1_598' title='bbox 1005 1952 1194 1981; x_wconf 85' lang='lat' dir='ltr'>discretorum</span> <span class='ocrx_word' id='word_1_599' title='bbox 1215 1953 1399 1983; x_wconf 83' lang='lat' dir='ltr'>diffinitivam</span> <span class='ocrx_word' id='word_1_600' title='bbox 1418 1956 1474 1985; x_wconf 83' lang='lat' dir='ltr'>fert</span> 
     </span>
     <span class='ocr_line' id='line_1_48' title="bbox 186 1986 1472 2028; baseline 0.005 -13"><span class='ocrx_word' id='word_1_601' title='bbox 186 1988 366 2015; x_wconf 82' lang='lat' dir='ltr'>sententiam.</span> <span class='ocrx_word' id='word_1_602' title='bbox 395 2002 430 2007; x_wconf 75' lang='lat'>——</span> <span class='ocrx_word' id='word_1_603' title='bbox 456 1989 516 2016; x_wconf 88' lang='grc'><strong>701·</strong></span> <span class='ocrx_word' id='word_1_604' title='bbox 542 1986 595 2016; x_wconf 79' lang='grc'>327</span> <span class='ocrx_word' id='word_1_605' title='bbox 616 1989 717 2016; x_wconf 81' lang='lat' dir='ltr'>Partes</span> <span class='ocrx_word' id='word_1_606' title='bbox 741 1988 843 2016; x_wconf 72' lang='lat' dir='ltr'>dicunt</span> <span class='ocrx_word' id='word_1_607' title='bbox 864 1998 897 2016; x_wconf 87' lang='lat' dir='ltr'>se</span> <span class='ocrx_word' id='word_1_608' title='bbox 915 1998 966 2024; x_wconf 78' lang='lat' dir='ltr'>per</span> <span class='ocrx_word' id='word_1_609' title='bbox 985 1990 1117 2025; x_wconf 82' lang='lat' dir='ltr'>iniquam</span> <span class='ocrx_word' id='word_1_610' title='bbox 1136 1993 1309 2019; x_wconf 85' lang='lat' dir='ltr'>sententiam</span> <span class='ocrx_word' id='word_1_611' title='bbox 1326 1996 1472 2028; x_wconf 76' lang='lat' dir='ltr'>gravatas,</span> 
     </span>
     <span class='ocr_line' id='line_1_49' title="bbox 184 2023 1471 2061; baseline 0.005 -9"><span class='ocrx_word' id='word_1_612' title='bbox 184 2025 346 2053; x_wconf 85' lang='lat' dir='ltr'>deliberant</span> <span class='ocrx_word' id='word_1_613' title='bbox 364 2034 450 2061; x_wconf 82' lang='lat' dir='ltr'>super</span> <span class='ocrx_word' id='word_1_614' title='bbox 469 2026 672 2061; x_wconf 85' lang='lat' dir='ltr'>appellatione.</span> <span class='ocrx_word' id='word_1_615' title='bbox 688 2040 724 2044; x_wconf 93' lang='lat'><strong>—</strong></span> <span class='ocrx_word' id='word_1_616' title='bbox 744 2026 805 2053; x_wconf 84' lang='lat' dir='ltr'>Vor</span> <span class='ocrx_word' id='word_1_617' title='bbox 824 2023 878 2054; x_wconf 84' lang='lat'>335</span> <span class='ocrx_word' id='word_1_618' title='bbox 898 2026 957 2054; x_wconf 85' lang='lat' dir='ltr'>Hic</span> <span class='ocrx_word' id='word_1_619' title='bbox 975 2027 1102 2061; x_wconf 79' lang='lat' dir='ltr'>Franko,</span> <span class='ocrx_word' id='word_1_620' title='bbox 1123 2028 1321 2058; x_wconf 72' lang='lat' dir='ltr'>scholasticus</span> <span class='ocrx_word' id='word_1_621' title='bbox 1342 2031 1471 2059; x_wconf 74' lang='lat' dir='ltr'>Mesobe-</span> 
     </span>
     <span class='ocr_line' id='line_1_50' title="bbox 187 2062 1473 2105; baseline 0.006 -16"><span class='ocrx_word' id='word_1_622' title='bbox 187 2062 294 2105; x_wconf 73' lang='lat' dir='ltr'>densis,</span> <span class='ocrx_word' id='word_1_623' title='bbox 316 2062 495 2090; x_wconf 77' lang='lat' dir='ltr'>Coloniensis</span> <span class='ocrx_word' id='word_1_624' title='bbox 517 2063 654 2097; x_wconf 81' lang='lat' dir='ltr'>diocesis,</span> <span class='ocrx_word' id='word_1_625' title='bbox 677 2063 867 2099; x_wconf 81' lang='lat' dir='ltr'>appeilationi</span> <span class='ocrx_word' id='word_1_626' title='bbox 886 2064 1025 2092; x_wconf 76' lang='lat' dir='ltr'>adhaeret</span> <span class='ocrx_word' id='word_1_627' title='bbox 1042 2065 1190 2094; x_wconf 83' lang='lat' dir='ltr'>subiciens</span> <span class='ocrx_word' id='word_1_628' title='bbox 1212 2076 1245 2095; x_wconf 82' lang='lat' dir='ltr'>se</span> <span class='ocrx_word' id='word_1_629' title='bbox 1264 2069 1388 2103; x_wconf 84' lang='lat' dir='ltr'>speciali</span> <span class='ocrx_word' id='word_1_630' title='bbox 1408 2077 1473 2104; x_wconf 81' lang='lat' dir='ltr'>pro-</span> 
     </span>
     <span class='ocr_line' id='line_1_51' title="bbox 188 2099 1475 2143; baseline 0.007 -18"><span class='ocrx_word' id='word_1_631' title='bbox 188 2102 308 2143; x_wconf 74' lang='lat' dir='ltr'>tectioni</span> <span class='ocrx_word' id='word_1_632' title='bbox 329 2099 437 2127; x_wconf 88' lang='lat' dir='ltr'>domini</span> <span class='ocrx_word' id='word_1_633' title='bbox 449 2101 588 2127; x_wconf 87' lang='lat' dir='ltr'>Iohannis</span> <span class='ocrx_word' id='word_1_634' title='bbox 608 2108 702 2136; x_wconf 84' lang='lat' dir='ltr'>papae</span> <span class='ocrx_word' id='word_1_635' title='bbox 720 2101 814 2128; x_wconf 88' lang='lat' dir='ltr'>XXII.</span> <span class='ocrx_word' id='word_1_636' title='bbox 828 2115 866 2119; x_wconf 93' lang='lat'><strong>—</strong></span> <span class='ocrx_word' id='word_1_637' title='bbox 884 2101 945 2130; x_wconf 89' lang='grc'><strong>701·</strong></span> <span class='ocrx_word' id='word_1_638' title='bbox 957 2099 1013 2130; x_wconf 84' lang='grc'>338</span> <span class='ocrx_word' id='word_1_639' title='bbox 1034 2103 1117 2136; x_wconf 80' lang='lat' dir='ltr'>Quod</span> <span class='ocrx_word' id='word_1_640' title='bbox 1131 2104 1288 2140; x_wconf 88' lang='lat' dir='ltr'>appellatio</span> <span class='ocrx_word' id='word_1_641' title='bbox 1302 2107 1475 2142; x_wconf 80' lang='lat' dir='ltr'>interposita</span> 
     </span>
     <span class='ocr_line' id='line_1_52' title="bbox 185 2137 1419 2178; baseline 0.007 -15"><span class='ocrx_word' id='word_1_642' title='bbox 185 2140 225 2163; x_wconf 76' lang='lat' dir='ltr'>sit</span> <span class='ocrx_word' id='word_1_643' title='bbox 243 2138 296 2164; x_wconf 89' lang='lat' dir='ltr'>sub</span> <span class='ocrx_word' id='word_1_644' title='bbox 318 2144 392 2165; x_wconf 83' lang='lat' dir='ltr'>anno</span> <span class='ocrx_word' id='word_1_645' title='bbox 413 2137 533 2165; x_wconf 88' lang='lat' dir='ltr'>Domini</span> <span class='ocrx_word' id='word_1_646' title='bbox 551 2138 764 2166; x_wconf 81' lang='lat' dir='ltr'>MCCOXXX0</span> <span class='ocrx_word' id='word_1_647' title='bbox 783 2140 815 2166; x_wconf 91' lang='lat' dir='ltr'>in</span> <span class='ocrx_word' id='word_1_648' title='bbox 836 2142 937 2167; x_wconf 80' lang='lat' dir='ltr'>octava</span> <span class='ocrx_word' id='word_1_649' title='bbox 957 2140 1037 2168; x_wconf 85' lang='lat' dir='ltr'>Petri</span> <span class='ocrx_word' id='word_1_650' title='bbox 1058 2143 1087 2168; x_wconf 89' lang='lat' dir='ltr'>et</span> <span class='ocrx_word' id='word_1_651' title='bbox 1104 2141 1191 2169; x_wconf 89' lang='lat' dir='ltr'>Pauli</span> <span class='ocrx_word' id='word_1_652' title='bbox 1212 2144 1419 2178; x_wconf 84' lang='lat' dir='ltr'>apostolorum.</span> 
     </span>
    </p>
   </div>
   <div class='ocr_carea' id='block_1_3' title="bbox 712 2288 936 2295">
    <p class='ocr_par' dir='ltr' id='par_1_3' title="bbox 712 2288 936 2295">
     <span class='ocr_line' id='line_1_53' title="bbox 712 2288 936 2295; baseline 0 -2"><span class='ocrx_word' id='word_1_653' title='bbox 712 2288 936 2295; x_wconf 40' lang='grc' dir='ltr'>,αξξ-</span> 
     </span>
    </p>
   </div>
  </div>
 </body>
</html>
