1655 2573
748 146 978 183 ..38³

587 242 632 274 69.
666 240 769 273 Oratio
790 239 922 271 secunda
941 236 980 271 ad
1001 237 1136 270 eundem.

230 332 261 363 1.
284 332 388 368 Ave,
413 333 521 362 sancte
545 339 562 361 o
586 329 749 367 Laurenti,
899 329 931 360 3.
958 326 1117 365 Gaude,
1149 323 1267 357 Christi
1290 325 1325 354 tu
1349 320 1456 358 levita,

284 378 410 416 Martyr
433 378 503 418 pius
529 386 561 408 es
585 376 736 416 poscenti,
958 374 1092 413 Protege
1113 381 1169 404 nos
1193 371 1246 402 hic
1269 370 1302 402 in
1326 369 1402 410 vita,

288 424 445 464 Erogator
469 424 687 455 thesaurorum
959 421 1076 453 Contra
1100 418 1188 451 saevi
1211 417 1311 449 hostis
1335 416 1403 447 tela

286 471 374 502 Dans
398 471 431 502 in
455 478 563 501 manus
589 478 766 510 egenorum.
958 467 1113 499 Salutaris
1135 466 1179 496 sis
1199 463 1333 496 medela.

231 528 261 557 2.
289 526 429 566 Salve,
455 528 576 564 martyr
598 525 766 561 laureatus,
900 524 932 556 4.
959 523 1079 562 Vale,
1107 522 1207 552 victor
1231 520 1396 560 gloriosus,

289 572 390 611 Super
414 580 519 603 omnes
543 570 611 602 Deo
637 573 752 612 gratus,
959 571 1008 601 Sis
1034 569 1075 600 ad
1099 567 1201 600 Deum
1226 566 1392 606 gratiosus,

283 619 335 650 Da
358 626 442 649 nunc
464 619 547 650 bona
570 618 704 657 operari,
958 616 1003 649 Ut
1027 624 1095 647 cum
1120 613 1238 646 sanctis
1257 613 1311 645 det
1326 611 1505 644 mercedem

283 665 328 698 Ut
353 673 513 704 speremus
539 664 690 696 coronari.
956 663 999 694 Et
1023 665 1096 702 post
1120 662 1218 695 vitam
1244 660 1324 692 caeli
1349 659 1471 692 aedem.

474 800 520 831 70.
551 799 597 830 Ad
616 798 904 832 victoriosiSsimum
924 799 1096 837 martyrem
1118 797 1242 835 Christi,

675 847 815 878 sanctum
834 845 1039 876 Vincentium.

226 935 256 965 1.
284 935 386 977 Ave,
417 933 495 965 felix
519 936 553 964 tu
579 933 733 977 Vincenti,
899 934 929 965 3.
957 933 1114 974 Gaude,
1141 932 1231 963 miles
1257 932 1407 971 virtuose,

286 982 431 1013 Formam
457 979 611 1020 praebens
636 980 779 1020 patienti,
955 980 1001 1012 Te
1024 980 1160 1011 honorat
1182 978 1317 1011 iubilose

280 1027 421 1059 Daciano
447 1028 643 1068 concertasti,
956 1027 1063 1059 Omnis
1090 1029 1195 1058 coetus
1219 1025 1390 1058 mundialis

280 1073 361 1104 Mite
385 1074 418 1105 in
442 1076 474 1104 te
499 1082 552 1105 cor
576 1074 718 1106 servasti.
954 1073 1080 1104 Pariter
1105 1076 1136 1104 et
1160 1073 1348 1111 supernalis.

225 1129 257 1159 2.
284 1128 425 1168 Salve,
452 1128 543 1160 fortis
566 1131 600 1160 tu
623 1130 759 1161 bellator
896 1131 928 1161 4.
954 1130 1073 1172 Vale,
1093 1132 1239 1160 constans
1252 1137 1361 1161 servus
1374 1128 1501 1169 Christi,

283 1174 438 1214 Fideique
463 1174 651 1216 defensator,
956 1176 1056 1208 Serva
1079 1185 1136 1207 nos
1162 1175 1202 1207 ab
1228 1175 1318 1207 hoste
1342 1176 1437 1215 tristi,

283 1221 397 1261 Virgas
421 1220 520 1252 fustes
544 1223 714 1262 pertulisti,
957 1223 1091 1254 Semitas
1117 1223 1155 1254 da
1181 1222 1265 1255 vitae
1290 1223 1391 1255 bonae

291 1267 404 1300 Crates
427 1268 509 1308 ignis
532 1277 596 1299 non
616 1269 774 1309 sprevisti.
954 1270 998 1301 Et
1024 1279 1094 1301 cum
1118 1269 1236 1301 sanctis
1253 1278 1341 1309 spem
1360 1277 1504 1302 coronae.

639 1405 679 1435 71.
707 1405 754 1435 Ad
773 1405 913 1435 sanctum
932 1404 1078 1436 Blasium.

231 1491 261 1522 1.
287 1491 390 1530 Ave,
417 1490 514 1530 Blasi,
541 1493 662 1531 martyr
685 1491 747 1530 pie,
901 1492 932 1524 3.
960 1492 1118 1533 Gaude,
1144 1494 1272 1532 praesul
1294 1497 1472 1533 coronatuS,

283 1537 392 1568 Honor
416 1536 476 1567 tibi
500 1537 582 1568 omni
607 1538 667 1580 die,
958 1540 1047 1571 Inter
1071 1542 1196 1571 sanctos
1220 1539 1289 1572 Deo
1314 1544 1434 1581 gratus,

287 1583 336 1614 Tu
359 1582 463 1615 fidelis
488 1583 530 1614 sis
554 1586 717 1624 patronus,
958 1586 1006 1617 Tu
1033 1595 1091 1625 pro
1116 1586 1206 1618 nobis
1231 1595 1356 1627 semper
1380 1597 1445 1626 ora,

284 1631 486 1662 Peccatorum
511 1628 602 1660 aufer
627 1640 713 1663 onus.
959 1631 1100 1664 Gratiam
1127 1633 1169 1664 da
1193 1633 1261 1664 sine
1284 1644 1382 1668 mora„

227 1686 258 1719 2.
284 1685 424 1724 Salve,
450 1685 537 1716 Blasi
560 1686 708 1725 virtuose,
898 1688 930 1718 4.
957 1688 1078 1727 Vale,
1104 1691 1213 1720 sancte
1237 1692 1272 1720 tu
1292 1693 1436 1730 patrone,

284 1732 368 1763 Mira
392 1740 487 1771 agens
511 1732 664 1774 vigomse,
956 1735 1007 1766 Da
1030 1734 1156 1766 futurae
1180 1744 1269 1775 spem
1290 1746 1433 1776 coronae,

288 1778 418 1817 Corpori
448 1779 488 1809 da
512 1778 688 1818 sanitatem,
957 1782 1073 1813 Tecum
1098 1791 1224 1822 semper
1248 1783 1289 1815 da
1311 1784 1427 1816 laetari

289 1825 391 1857 Menti
413 1827 541 1863 praesta
565 1826 773 1860 sanctitatem.
956 1828 1000 1860 Et
1025 1837 1094 1860 cum
1119 1830 1237 1861 sanctis
1262 1832 1418 1863 coronari.

531 1961 577 1991 ¹72.
607 1961 653 1993 Ad
671 1962 811 1994 sanetum
831 1962 993 2003 Georgium
1011 1967 1190 2005 martyrem.

234 2048 264 2078 1.
290 2048 396 2091 Ave,
422 2048 513 2080 miles
537 2050 611 2081 Iesu
636 2051 763 2092 Christi,
902 2053 933 2085 3.
961 2053 1121 2094 Gaude,
1148 2055 1285 2094 gloriose
1309 2056 1409 2097 miles,

286 2095 334 2125 Tu
359 2094 483 2134 Georgi,
515 2096 568 2134 qui
592 2094 690 2136 fuisti,
956 2100 1022 2132 Nos
1047 2101 1186 2132 abiectos
1212 2104 1305 2140 atque
1327 2102 1406 2132 viles

288 2141 371 2172 Vera
391 2140 455 2172 fide
479 2140 689 2183 confirmatus,
960 2147 1036 2177 Tuis
1061 2148 1157 2179 armis
1182 2155 1265 2178 nunc
1290 2147 1429 2190 defensa,

288 2187 350 2218 Dei
376 2187 464 2218 donis
488 2187 664 2222 roboratus.
961 2192 1060 2224 Serva
1082 2193 1142 2224 Dei
1172 2193 1211 2224 ab
1236 2192 1365 2229 offensa.

231 2244 262 2274 2.
287 2243 431 2282 Salve,
457 2241 548 2274 fortis
573 2245 793 2285 triumphator,
902 2248 934 2278 4.
960 2248 1081 2289 Vale,
1107 2251 1142 2280 tu
1166 2249 1283 2289 Georgi
1307 2251 1371 2292 pie,

287 2290 506 2329 Tyranuorum
530 2295 704 2334 superator,
960 2294 1012 2326 Da
1035 2295 1227 2336 triumphum
1249 2299 1333 2330 omni
1359 2299 1421 2342 die,

284 2337 335 2368 Da
359 2337 511 2368 virtutum
535 2336 595 2368 Dei
619 2342 750 2380 scutum,
957 2342 1072 2374 Mundi
1095 2343 1179 2375 mala
1203 2353 1355 2384 superare

289 2384 375 2417 Caeli
398 2384 460 2415 iter
483 2393 563 2423 para
586 2386 696 2419 tutum.
957 2388 1002 2421 Et
1026 2398 1096 2421 cum
1120 2392 1237 2423 sanctis
1261 2392 1415 2429 habitare.
