1655 2573
650 128 908 165 -115—

560 223 626 255 229.
655 222 699 253 De
719 223 824 254 sancto
847 223 1005 255 lliehaele.

143 290 173 323 1.
201 288 324 329 Gaude,
351 290 499 331 princeps
525 302 732 332 supernorum
876 294 997 334 Gaude,
1024 294 1096 333 quia
1121 293 1167 324 sic
1192 293 1332 334 certasti,

198 336 337 368 Michael
362 338 622 379 archangelorum
875 341 958 373 Dum
983 340 1150 372 luciferum
1175 340 1332 380 superasti

246 383 307 415 Dei
332 385 545 428 providentia,
923 388 1069 420 Potentia
1096 386 1271 421 salutifera.

200 429 321 471 Gaude,
350 431 462 464 ductor
487 434 659 466 animarum
818 446 848 477 3¹
877 444 998 484 Gaude,
1030 445 1102 484 quia
1124 443 1238 474 militia

198 477 252 509 Ad
276 478 460 517 paradisum
485 481 707 513 salvandarum
877 492 1018 524 Centena
1041 494 1073 523 et
1095 490 1233 530 p1urjma

246 524 374 557 Summa
398 526 458 558 Dei
485 528 660 559 clementia.
921 538 1057 578 Agmina
1083 537 1250 577 caelorum,

141 583 172 615 2.
201 580 322 621 Gaude,
349 583 422 622 quia
448 584 592 616 devicisti
876 584 997 624 Gaude,
1023 585 1096 624 quia
1121 586 1222 615 tecum
1249 585 1376 615 cantant

198 627 376 660 Draconem
403 631 434 660 et
460 630 603 662 deiecisti
875 631 1015 663 Laudem
1039 631 1100 663 Dei
1123 633 1155 662 et
1179 631 1339 662 exsultant

244 674 294 705 De
319 675 414 707 caelis
439 677 480 708 ad
503 676 617 720 infera,
922 678 960 710 In
985 679 1113 717 speculo
1137 677 1311 709 beatorum.

475 734 507 766 4.
532 733 599 766 Fac
624 742 698 773 ergo
723 742 779 765 nos
805 734 985 766 collaudare

533 780 648 812 Tecum
675 788 799 820 semper
824 783 856 812 et
878 789 1012 821 regnare

582 829 644 860 Per
669 827 796 859 saecula
819 828 1026 862 saeculorum.

200 899 300 926 Horae
326 908 383 927 sec.
411 908 496 927 usum
516 900 618 928 Sarum
642 909 717 929 saec.
740 900 783 928 15.
824 902 892 929 Cod.
916 902 1078 930 Londinen.
1100 902 1206 930 Slcane
1226 896 1309 927 2683·
1329 898 1364 926 A·
1385 914 1420 918 --

124 936 203 965 Orat.
230 945 283 964 ms.
312 945 387 965 saec.
411 936 454 965 15.
495 938 563 966 Cod.
586 939 659 967 Coll.
679 938 730 966 SS.
750 939 904 967 Trinitatis
925 939 1066 967 Oxonien.
1089 937 1132 967 13.
1153 937 1187 964 B.
1209 951 1242 955 —
1265 936 1345 965 Orat.
1365 946 1418 964 ms.

123 983 198 1002 saec,
232 972 306 1002 ¹4l15.
353 974 421 1002 eod.
446 976 610 1003 Bruxellen.
640 973 820 1004 10812--16.
846 976 876 1003 O.
902 991 938 995 —
963 975 989 1010 2,
1015 976 1032 1004 2
1056 977 1098 1005 Et
1122 977 1274 1004 draconem
1298 974 1357 1001 BG.
1382 989 1419 993 u

120 1010 146 1047 2,
168 1009 243 1039 4—6
270 1012 367 1040 fehlen
386 1012 418 1039 Β.
446 1027 483 1031 -
504 1011 529 1046 2,
551 1012 567 1041 5
589 1015 666 1041 Dum
691 1013 835 1041 infernum
856 1015 887 1042 G.
912 1029 948 1033 -
975 1013 1000 1048 3,
1023 1013 1040 1041 2
1060 1018 1089 1042 et
1114 1013 1211 1050 pluria
1230 1013 1262 1039 B.
1290 1026 1325 1030 —
1352 1009 1379 1045 3,
1399 1010 1419 1039 4

121 1050 191 1085 quia
209 1049 282 1077 fehlt
302 1049 332 1077 C.
360 1066 387 1069 --
410 1051 444 1078 In
465 1048 491 1084 3,
513 1049 529 1078 6
554 1051 626 1079 fehlt
644 1051 684 1086 A?
714 1051 866 1079 consortio
895 1052 1044 1080 beatorum
1070 1054 1103 1080 B.
1127 1066 1167 1070 --
1189 1048 1216 1083 4,
1240 1047 1253 1076 l
1280 1050 1340 1077 Fac
1363 1058 1417 1076 nos

121 1095 188 1123 ergo
209 1087 377 1115 collaudare
400 1087 430 1122 G,
451 1086 512 1116 Fac
530 1098 594 1123 nos,
615 1097 674 1122 oro,
695 1090 724 1116 te
743 1089 863 1117 laudare
882 1090 915 1117 B.

558 1209 625 1240 230.
655 1208 698 1239 De
719 1210 823 1240 sancto
844 1208 976 1241 Nicolao.

138 1296 167 1329 1.
196 1294 308 1327 Gaude
332 1294 431 1328 fuisse
454 1299 641 1337 promotum,
810 1299 840 1331 3.
867 1297 987 1340 Gaude,
1015 1308 1088 1338 quia
1111 1299 1321 1338 augmentasti

187 1342 328 1383 Nicolae,
353 1346 386 1374 te
412 1343 557 1376 devotum
866 1345 1021 1376 Triticum
1046 1348 1078 1377 et
1101 1344 1246 1377 liberasti

236 1389 290 1421 Ad
315 1390 422 1421 sedem
446 1390 639 1434 pontificum,
911 1391 1041 1423 Plebem
1065 1392 1104 1424 ab
1130 1392 1246 1434 inedia,

192 1435 313 1476 Gaude,
341 1446 462 1477 gemma
486 1438 698 1479 sacerdotum,
865 1438 985 1479 Gaude,
1012 1440 1095 1479 quod
1120 1441 1152 1470 te
1175 1440 1386 1478 praesentasti

188 1483 244 1522 Qui
275 1483 417 1515 illustras
443 1484 550 1516 orbem
577 1487 685 1526 totum,
863 1484 986 1525 Nautis,
1012 1486 1123 1525 quibus
1149 1487 1314 1518 ostentasti

235 1529 350 1562 Verum
374 1531 478 1563 lumen
504 1532 664 1564 caelicum.
910 1532 1079 1565 Daemonis
1106 1533 1247 1566 consilia.

133 1588 164 1619 2.
192 1586 313 1627 Gaude,
340 1588 424 1627 quod
451 1589 627 1628 apparuisti
804 1590 835 1622 4.
863 1588 984 1629 Gaude,
1011 1590 1084 1629 quia
1108 1589 1234 1621 morbos
1259 1593 1351 1621 sanat

182 1632 227 1666 Et
249 1636 286 1665 ut
308 1643 460 1674 praesens
482 1635 622 1667 tribuisti
862 1635 959 1668 Sacer
982 1636 1096 1677 liquor,
1119 1636 1172 1676 qui
1196 1639 1321 1669 emanat

234 1681 332 1720 Opem
357 1681 629 1724 naufragantibus,
909 1683 1001 1715 Nunc
1029 1684 1069 1716 de
1092 1685 1147 1715 tuo
1172 1692 1314 1726 corpore,

186 1727 307 1768 Gaude,
333 1729 407 1768 quia
430 1731 571 1762 terruisti
859 1730 909 1762 Tu
934 1729 1070 1763 defende
1095 1730 1148 1770 qui
1171 1734 1204 1763 te
1228 1735 1311 1764 amat

188 1774 356 1807 Caesarem
382 1779 414 1807 et
437 1776 571 1808 adfuisti
859 1777 1015 1818 Populum
1041 1782 1072 1810 et
1097 1778 1138 1810 ad
1163 1781 1195 1810 te
1220 1779 1335 1812 clamat

231 1822 284 1854 Ad
309 1825 340 1854 te
365 1824 606 1863 suspirantibus.
902 1825 953 1857 Ex
980 1826 1095 1858 devoto
1118 1828 1259 1865 pectore.

188 1896 268 1924 Orat.
289 1905 342 1923 ms.
362 1895 552 1926 Trudonense
573 1906 647 1926 saec.
671 1895 713 1925 16.
734 1899 773 1925 in.
816 1897 883 1926 Cod.
904 1899 1042 1927 Leodien.
1062 1897 1127 1928 395.

569 2018 630 2050 231.
659 2018 703 2049 De
722 2019 828 2050 saneto
848 2019 954 2050 Paulo.

121 2109 151 2142 1.
179 2107 301 2148 Gaude,
328 2117 384 2141 vas
410 2108 584 2148 electionis,
799 2110 829 2143 2.
857 2108 979 2149 Gaude,
1006 2110 1112 2148 Paule,
1140 2109 1247 2142 lumen
1269 2110 1384 2152 plebis,

176 2156 285 2195 Paule,
313 2154 383 2188 fons
410 2156 589 2188 dilectionis
854 2155 929 2189 Dux
956 2159 987 2189 et
1012 2158 1123 2190 doctor
1147 2166 1248 2190 novae
1272 2158 1361 2199 legis,

222 2203 267 2235 Et
290 2203 443 2243 templum
466 2203 650 2247 munditiae,
901 2204 984 2236 Dum
1010 2205 1168 2238 Christum
1204 2208 1291 2238 recte
1314 2215 1407 2246 prae-

177 2250 297 2290 Gaude,
324 2260 441 2284 arcana
465 2251 583 2283 audisti
1182 2252 1280 2295 dicas,

174 2298 256 2331 Dum
283 2301 394 2338 raptus
421 2296 548 2343 [mente]
576 2298 665 2331 fuisti
857 2299 979 2339 Gaude,
1004 2301 1114 2340 Paule,
1143 2309 1270 2333 consors
1298 2301 1397 2342 Petri,

223 2346 368 2379 Paradisi
392 2347 527 2388 gaudiis.
853 2348 987 2380 Romam
1011 2349 1140 2380 tandem
1165 2350 1200 2379 tu
1226 2348 1350 2388 venisti,

897 2394 1054 2427 Simonem
1079 2404 1204 2436 magum
1230 2404 1375 2436 superas.

1197 2448 1238 2478 8*
