1655 2573
682 123 940 159 —1‘79—

518 220 572 255 11.
599 222 700 255 Amen
727 220 796 252 dico
823 220 919 253 corde
942 220 1036 260 laeto,

601 268 712 301 Donec
735 266 802 308 fiat,
827 267 911 308 quod
935 275 1019 298 nunc
1042 267 1115 306 peto

646 315 736 346 Totis
759 314 837 346 meis
861 314 992 353 nisibus,

593 362 707 394 Mundi
733 370 826 393 cursu
849 365 885 393 ut
910 361 1035 400 expleto

595 409 716 440 Vestris
741 407 830 440 fruar
852 409 886 439 in
911 408 1015 448 quieto

647 455 798 488 Cantibus
822 458 854 487 et
878 454 1007 488 visibus,

238 537 319 566 Orat.
339 547 392 566 ms.
415 538 599 566 Carthusian.
621 546 696 566 saec.
719 535 762 565 15.
803 537 872 565 Ood.
894 537 989 573 Capit.
1008 537 1156 565 'I'reviren.
1180 535 1243 564 116.

600 684 665 715 332.
698 683 741 714 De
761 684 872 721 sancta
891 683 1014 715 Ursula.

176 784 205 817 1.
232 783 257 815 O
283 782 422 816 vernalis
447 780 571 821 fulgens
596 790 678 821 rosa,
875 781 905 813 9.
932 780 956 813 Ο
982 780 1121 820 insignes
1148 781 1337 825 dilectrices,

282 830 401 863 Ursula
425 828 551 869 regalis,

234 877 345 910 Rubra
368 876 498 917 micans,
525 875 677 917 speciosa,

281 923 413 963 Angelis
438 922 588 962 aequalis

202 1008 207 1013 .
234 979 321 1012 Odor
345 982 418 1010 tuae
444 978 598 1009 castitatis

278 1025 394 1058 Reficit
418 1026 588 1064 gementes,

233 1074 270 1105 In
298 1073 420 1105 camino
443 1072 640 1111 paupertatis

280 1120 438 1154 Christum
464 1118 617 1150 sitientes.

199 1201 206 1209 .
234 1176 397 1208 Sincerum
424 1175 561 1208 candens
586 1175 687 1206 lilium

283 1223 364 1263 Regi
388 1231 498 1263 regum
523 1225 624 1263 grata,

231 1270 312 1302 Eius
334 1278 469 1310 sequens
491 1268 590 1301 filium

278 1318 324 1351 Ut
346 1316 547 1348 immaculata

199 1400 206 1408 .
234 1375 310 1408 Cum
337 1373 400 1405 tuis
427 1372 644 1404 consimilibus

279 1421 462 1461 Virginibus
488 1420 632 1459 sacratis,

230 1469 309 1502 Cum
332 1468 466 1499 undenis
491 1467 618 1499 milibus

278 1516 396 1547 Tecum
421 1515 587 1547 coronatis.

197 1599 205 1607 .
233 1572 376 1604 Christus
401 1579 535 1611 sponsus
559 1580 635 1610 quas
654 1571 781 1611 collegit

278 1619 442 1652 Castitatis
467 1616 572 1659 flores,

231 1667 295 1699 Vos
318 1667 351 1698 in
377 1667 497 1697 sertum
521 1665 583 1697 sibi
608 1664 704 1705 fregit

277 1713 432 1747 Pulchras
459 1721 652 1746 consorores

197 1795 204 1802 .
233 1770 379 1802 Paradisi
403 1769 603 1809 philomenae

276 1817 423 1849 Dulciter
446 1817 619 1856 cantantes,

228 1865 366 1904 Quarum
391 1867 514 1895 turmae
538 1867 612 1895 sunt
634 1864 779 1897 undenae

277 1912 438 1945 Christum
464 1911 690 1943 collaudantes.

195 1995 202 2002 .
230 1969 255 2002 O
280 1968 418 2009 puellae,
444 1977 462 2000 ο
487 1968 641 2008 agnellae,

278 2016 375 2048 Stolis
403 2015 579 2056 dealbatae,

230 2063 445 2096 Columbellae
468 2063 536 2094 sine
562 2062 647 2103 felle,

274 2110 414 2144 Geminis
441 2113 619 2144 coronatae.

191 2196 198 2203 .
227 2169 252 2202 O
278 2169 428 2202 virtutum
453 2175 547 2200 verae
573 2168 681 2211 cellae,

275 2217 418 2257 Sponsae
442 2216 555 2247 summi
579 2216 650 2256 Dei,

228 2264 408 2297 Rutilantes
435 2263 515 2295 caeli
540 2264 653 2296 stellae

272 2312 377 2344 Mirae
402 2311 530 2351 speciei.

854 978 907 1011 10.

852 1176 906 1208 11.

852 1374 905 1406 12.

850 1572 902 1605 13.

850 1771 905 1804 14.

849 1969 905 2002 15.

850 2169 903 2201 16.

981 827 1090 859 Turba
1114 837 1276 868 generosa.

933 872 1009 905 Pari
1034 872 1133 906 fortes
1158 875 1350 917 bellatrices,

982 921 1098 954 Contra
1123 922 1246 956 vitiosa.

933 977 1022 1009 Haec
1046 975 1199 1009 frondosa
1222 977 1338 1009 rubens
1364 987 1445 1019 rosa,

978 1024 1064 1055 Rosa
1086 1024 1272 1065 venustatis,

932 1071 1029 1111 Virgo
1053 1074 1155 1103 mater
1178 1080 1342 1111 generosa,

979 1118 1087 1150 Mater
1112 1118 1251 1157 deitatis,

933 1175 996 1206 Vos
1021 1174 1187 1214 praecedit
1206 1175 1241 1205 in
1265 1175 1435 1215 splendore

980 1221 1126 1253 Rutilans
1152 1230 1267 1253 aurora

933 1271 983 1301 Ac
1005 1269 1175 1307 praecellit
1197 1269 1231 1299 in
1258 1269 1372 1301 decore

981 1315 1111 1348 Cithara
1136 1324 1260 1357 sonora,

932 1373 1029 1412 Quam
1055 1374 1222 1412 sequentes
1247 1372 1279 1402 in
1305 1371 1421 1403 chorea

979 1419 1078 1451 Lacte
1101 1418 1276 1458 iubilando,

932 1466 1021 1498 Haec
1045 1467 1094 1497 est
1117 1468 1219 1497 mater
1243 1465 1372 1506 iubilea,

978 1514 1080 1545 Laeta
1106 1513 1205 1554 gratis
1232 1512 1349 1545 dando.

930 1571 954 1603 Ο
979 1569 1118 1609 insignes
1144 1578 1279 1609 sponsae
1303 1569 1373 1613 Dei,

977 1616 1086 1649 Turba
1109 1625 1271 1657 generosa,

930 1665 1133 1706 Mementote,
1160 1672 1286 1704 quaeso,
1313 1665 1375 1696 mei

977 1712 1015 1744 In
1040 1711 1125 1743 valle
1148 1711 1311 1743 nebulosa.

932 1769 1005 1802 Non
1028 1768 1071 1800 sit
1094 1768 1184 1801 vobis
1210 1768 1271 1799 hoc
1293 1768 1459 1809 indignum

978 1816 1112 1848 Carmen
1138 1818 1201 1847 tam
1227 1816 1437 1855 praeclarum,

930 1863 1131 1903 Paupertatis
1157 1871 1246 1894 meae
1270 1863 1405 1903 signum,

977 1911 1126 1949 Quamvis
1151 1910 1244 1942 mmis
1267 1919 1391 1949 parum.

930 1967 975 2000 Et,
999 1976 1069 1998 cum
1093 1967 1205 1999 mortis
1230 1966 1315 2006 cogit
1338 1966 1427 2008 hora,

976 2014 1057 2047 Mihi
1083 2017 1159 2046 tunc
1183 2016 1367 2053 praesentes

931 2061 1102 2094 Subvenite
1126 2062 1194 2093 sine
1218 2070 1307 2093 mora

977 2109 1028 2141 Ab
1054 2109 1144 2141 hoste
1171 2107 1389 2150 defendentes,

931 2166 976 2199 Ut
1000 2165 1120 2206 absque
1145 2166 1228 2198 omni
1254 2166 1361 2199 nubilo

978 2215 1027 2246 Ac
1053 2214 1233 2246 calamitate

930 2262 1100 2295 Vobiscum
1125 2261 1215 2294 fruar
1238 2261 1338 2293 iubilo

978 2311 1018 2343 In
1042 2310 1240 2342 aeternitate.

230 2396 311 2426 Orat.
331 2405 384 2423 ms.
406 2395 591 2426 Carthusian,
612 2404 687 2424 saec.
711 2395 754 2425 15.
798 2396 867 2426 Cod.
888 2397 982 2433 Capit.
1002 2396 1153 2424 Treviren.
1176 2394 1238 2424 116.

1229 2441 1287 2470 12*
