1655 2573
236 231 292 263 93.

236 519 290 550 94.

237 806 293 839 95.

241 1232 293 1264 96.

246 1519 299 1551 97.

246 1853 300 1885 98.

247 2141 302 2175 99.

318 228 371 260 Sic
395 228 550 268 relegatus
576 227 706 259 eremita

318 275 371 306 Fit
397 283 488 308 verus
512 274 565 305 hic
587 272 741 313 Israelita,

363 321 422 361 Qui
448 322 519 353 dolo
543 320 629 351 nullo
653 318 811 359 pungitur,

316 368 472 400 Exsilium
496 367 654 399 subintrat
676 364 787 403 libens,

317 413 542 455 Apocalypsim
560 412 678 444 Christi
692 411 833 442 scribens

363 460 540 499 Prophetae
563 459 633 490 vice
660 457 810 496 fungitur.

317 516 475 555 Carasque
499 523 585 546 meus
610 514 659 544 vir
683 512 834 552 sincerus,

318 563 364 596 Ut
373 562 490 594 Christi
503 563 624 600 martyr
636 558 719 591 foret
732 568 833 601 verus,

362 609 413 640 Ab
438 608 573 640 inimicis
597 607 722 646 angitur

317 655 362 688 Et.
387 655 503 687 dolium
528 654 614 685 subit:
637 652 788 685 ferventis

318 702 427 734 Olivae
450 703 557 741 guttae
580 700 751 737 bullientis¹

364 748 427 781 Sed
455 757 514 779 nec
538 746 663 779 fervore
686 747 834 786 tangitur.

320 805 517 837 Conservans
541 804 643 835 virum
666 803 750 834 hunc
769 810 833 833 mo-

617 849 737 881 destum

318 897 433 930 Divina
458 897 556 928 virtus
581 899 681 928 mutat
705 898 835 933 aestum,

364 944 401 975 In
425 946 553 976 ventum
579 943 658 974 roris
683 942 835 982 tepidum,

319 989 478 1030 Stupescit.
501 998 633 1029 poenam
658 989 748 1029 plebs
766 989 836 1020 obs-

618 1044 723 1074 caena,

320 1082 381 1114 Sed
393 1091 494 1122 poena
502 1084 608 1121 stupet
615 1082 686 1120 plus
696 1083 728 1113 in
737 1090 839 1120 poena

367 1130 459 1161 Hunc
499 1131 668 1167 martyrem
708 1128 838 1167 intrepi-

617 1174 700 1210 dum,

319 1231 413 1269 Quem
445 1231 533 1270 prius
557 1230 726 1263 iuventutis
751 1231 840 1262 valor

320 1278 380 1309 Vel
403 1285 496 1309 urens
521 1285 611 1308 renes
634 1276 736 1317 earnis
753 1278 838 1309 calor

370 1323 441 1355 Non
465 1324 564 1355 valuit
589 1325 770 1365 accendere,

322 1369 389 1401 Nec
413 1370 472 1401 olei
497 1369 647 1401 ferventis
673 1372 777 1401 aestus

323 1415 391 1447 Nec
414 1416 510 1447 ardor
534 1419 678 1447 aestuans
703 1416 840 1455 ingestus

368 1463 461 1494 Hunc
484 1462 587 1501 potuit
610 1462 809 1494 succendere.

325 1518 377 1550 Sic
384 1517 505 1549 lumbos
515 1519 730 1557 castepraecin
734 1522 840 1558 gentes

324 1563 367 1596 Et.
389 1562 530 1596 flammas
554 1564 657 1595 carnis
679 1565 794 1596 exstin-

623 1614 751 1647 guentes

372 1656 442 1688 Non
465 1657 602 1688 sentient
628 1657 776 1689 incendia

328 1703 505 1743 Gehennae,
515 1703 570 1734 sed
584 1712 650 1735 cum
661 1704 720 1735 hoc
730 1704 844 1736 dilecto

324 1749 480 1782 Domante
505 1758 628 1781 carnem
655 1751 734 1782 ealle
758 1753 843 1782 recto

372 1795 539 1835 Recipient
562 1797 729 1836 stipendia.

327 1852 552 1892 Apocalypsim
576 1852 634 1883 sub
658 1853 767 1893 figuris

328 1898 465 1931 Nodosis
491 1898 631 1930 scribens
656 1903 688 1931 et
704 1899 845 1932 obscuris

371 1945 434 1977 Hic
457 1945 606 1977 Pathmos
629 1946 663 1977 in
688 1947 798 1979 exsilio

326 1992 434 2031 Alphe.
458 1994 489 2023 et
514 1992 538 2026 O
565 1994 726 2033 cognoscit
749 1994 843 2034 idem,

327 2038 474 2078 Adiutus,
499 2042 594 2079 prout
618 2043 688 2071 erat.
710 2041 845 2080 pridem,

374 2085 534 2118 Divinitus
559 2086 686 2120 auxilio.

330 2140 492 2180 Epistolas
514 2141 568 2173 hic
590 2142 702 2174 scribit.
723 2144 823 2176 trinas

328 2186 485 2218 Prolixam
499 2197 602 2228 unam,
618 2188 729 2221 breves
744 2190 844 2231 binaS,

372 2234 455 2272 Quas
479 2234 612 2266 dicimus
637 2236 812 2279 canonicas,

326 2280 529 2319 spiritualem
556 2289 635 2320 quae
658 2282 813 2315 medelam

327 2326 414 2359 Dant
438 2325 600 2359 animabus
626 2331 659 2359 et
680 2330 812 2361 tutelam

372 2373 416 2405 Et
426 2377 530 2415 pestes
544 2377 653 2408 curant
664 2376 845 2410 comminus,

830 128 898 163 212

905 221 981 253 100.

905 509 983 542 101.

906 799 985 831 102.

910 1089 988 1121 103.

910 1377 988 1411 104.

918 1760 995 1793 105.

918 2095 995 2130 106.

1009 219 1038 250 A
1064 218 1212 250 Pathmos
1236 217 1298 248 iste
1323 217 1496 253 revocatus,

1008 266 1059 297 Ab
1084 264 1213 296 Asianis
1238 263 1397 303 flagitatus

1056 311 1234 345 Conseribit,
1258 309 1454 350 evangelium

1011 358 1240 397 compendiosa
1265 356 1432 396 brevitate,

1010 406 1193 438 certantum
1220 405 1259 436 de
1285 403 1452 436 divinitate

1056 453 1114 491 Qui
1123 452 1233 483 mortis
1243 451 1335 483 sedat
1343 450 1509 490 proelium.

1009 509 1151 540 Dilectus
1171 516 1257 539 meus
1270 510 1436 546 postquam
1450 507 1511 538 rite

1010 555 1214 587 Transcurrit
1227 562 1325 586 annos
1338 562 1419 586 anno
1428 554 1511 586 vitae

1058 602 1148 634 Nono
1175 610 1244 633 cum
1269 601 1479 641 nonagesimo,

1011 649 1061 680 Ab
1073 658 1154 681 anno
1164 649 1300 689 quidem,
1311 649 1343 679 in
1355 656 1415 687 quo
1424 648 1512 679 Iesus

1010 695 1172 728 Occiditur
1197 694 1330 735 flagellis
1358 702 1466 726 caesus

1055 743 1191 782 septeno
1216 742 1413 781 sexagesimo

1010 799 1166 838 Annoque
1189 799 1291 837 primo
1316 797 1457 837 Traiani,

1011 845 1144 885 Benigni
1170 844 1314 877 Caesaris
1339 844 1482 883 Romani,

1060 893 1125 931 Quo
1150 895 1276 931 sceptro
1295 900 1358 922 non
1374 889 1510 928 fidelior,

1012 940 1049 971 In
1073 939 1229 971 chronicis
1250 941 1286 970 ut
1310 938 1491 979 adnotatur,

1012 987 1040 1016 A
1066 985 1160 1026 plebe
1185 986 1234 1016 cui
1261 985 1491 1016 conclamatur:

1060 1032 1135 1071 Quis
1159 1031 1296 1063 Traiano
1318 1031 1457 1062 melior?

1014 1089 1137 1120 Adesse
1161 1087 1225 1119 sibi
1247 1087 1349 1120 sciens
1367 1089 1511 1126 mortem,

1012 1134 1159 1173 Recipiat
1183 1137 1219 1165 ut
1242 1133 1363 1166 fructus
1389 1137 1506 1165 sortem

1059 1181 1110 1213 Ex
1134 1181 1287 1212 seminum
1309 1181 1490 1220 manipuliS,

1013 1229 1160 1267 Apparet
1183 1227 1231 1258 illi
1256 1230 1362 1259 rector
1388 1228 1475 1269 caeli,

1013 1274 1159 1307 Salvator
1175 1278 1293 1313 noster,
1317 1283 1410 1306 verus
1427 1274 1513 1311 Heli,

1061 1321 1116 1353 Bis
1142 1321 1225 1353 senis
1244 1330 1313 1352 cum
1332 1320 1512 1361 discipulis:

1014 1378 1134 1419 Amice,
1169 1377 1287 1418 dicens,
1313 1380 1348 1408 tu
1372 1376 1515 1416 perfecte

1017 1423 1153 1456 Certasti
1191 1432 1313 1456 cursum
1356 1425 1516 1463 complens

1295 1474 1392 1510 recte,

1064 1516 1157 1548 Nunc
1193 1519 1315 1557 tempus
1352 1519 1409 1557 est,
1449 1525 1518 1548 cum

1295 1561 1448 1595 fratribus

1018 1610 1063 1642 Ut
1087 1611 1281 1641 convivando
1306 1610 1474 1648 gratuleris

1019 1656 1062 1688 Et.
1085 1657 1279 1697 gratulanter
1305 1655 1442 1695 epuleris

1064 1703 1109 1735 Et
1127 1703 1262 1735 dormias
1281 1711 1349 1734 cum
1363 1704 1517 1744 patribus.

1020 1760 1050 1790 A
1074 1759 1209 1791 Domino
1234 1760 1282 1791 sic
1304 1759 1467 1800 invitatus,

1017 1805 1099 1837 Dum
1122 1810 1226 1845 grates
1243 1804 1343 1838 refert
1361 1806 1517 1840 Christum

1295 1856 1384 1885 ratus

1065 1899 1159 1932 Hunc
1183 1899 1244 1932 Dei
1269 1909 1339 1932 esse
1362 1900 1472 1942 filium,

1020 1946 1081 1984 Qui
1099 1946 1251 1979 mundum
1265 1948 1354 1979 iussu
1370 1948 1521 1988 genitoris

1019 1993 1120 2025 Effusi
1145 1994 1246 2025 salvat
1271 1994 1303 2026 vi
1329 1996 1450 2026 cruoris

1066 2041 1112 2072 Et
1132 2041 1232 2080 lapsis
1257 2040 1321 2073 fert.
1345 2042 1507 2084 auxilium,

1022 2096 1152 2128 Venisse
1165 2097 1267 2129 sciens
1281 2098 1392 2129 mortis
1401 2098 1519 2140 horam,

1021 2144 1109 2182 Quae
1144 2144 1263 2175 nullam
1299 2145 1384 2177 ultro
1415 2146 1520 2177 trahat
1550 2174 1553 2177 .

1297 2200 1428 2232 moram,

1067 2235 1175 2268 Effodi
1197 2236 1287 2270 iubet
1309 2238 1474 2282 tumulum,

1022 2283 1143 2315 Devoto
1158 2284 1253 2315 corde
1265 2284 1392 2317 missam
1404 2285 1522 2321 dicens,

1021 2330 1150 2362 Astanti
1172 2330 1286 2363 turbae
1310 2333 1493 2366 valedicens

1070 2376 1232 2411 Subintrat
1243 2380 1351 2412 vivens
1358 2382 1521 2417 tumulum.

1574 0 1655 165 ’Ἰ
