1655 2573
690 103 922 140 „25—

287 202 328 235 19.
360 203 468 237 Oratio
490 205 529 237 ad
548 206 750 238 reverendam
769 206 883 237 faeiem
903 205 1079 238 salvatoris
1098 205 1169 238 Iesu
1189 204 1314 238 christi.

168 284 199 318 1.
227 286 329 322 Ave,
355 283 474 318 florens
498 287 604 319 vultus
631 287 758 326 Christi,
848 289 878 319 4.
907 287 1025 324 Vale,
1052 289 1087 318 tu
1112 295 1181 318 cum
1206 287 1291 319 omni
1315 285 1422 327 laude,

228 332 290 365 Pro
315 341 366 364 me
390 335 482 372 sputa
507 335 685 376 suscepisti,
902 333 940 365 In
954 333 1112 378 ‚extremis
1137 337 1172 365 tu
1196 333 1366 372 adplaude,

230 378 323 411 Nunc
346 380 379 412 in
404 380 492 412 caelo
517 379 619 421 fulges
645 381 739 420 clare,
902 380 970 412 Fac
993 380 1162 421 splendere
1185 381 1291 412 lumen
1316 383 1449 422 gratum,

229 425 338 457 Sancti
363 426 501 465 gaudent
525 429 559 458 te
583 436 698 461 amare.
902 427 985 459 Dum
1012 436 1066 459 cor
1088 427 1172 459 iacet
1192 427 1393 459 infirmatum.

171 503 204 534 2.
231 502 375 541 Salve,
402 503 555 543 splendor
575 502 775 546 firmamenti,
846 505 878 536 5,
903 503 992 542 Rogo
1016 505 1058 543 te,
1083 511 1125 534 ne
1149 504 1313 546 avertaris,

225 549 277 581 Da
301 549 452 581 virtutem
475 554 604 582 nostrae
629 551 735 591 menti,
903 549 967 581 Sed
992 553 1066 581 tune
1091 558 1141 581 me
1164 549 1328 587 intuearis,

226 595 338 627 Dirum
364 596 485 628 hostem
510 597 622 635 procul
646 597 740 637 pelle,
902 597 1058 628 Miserere
1082 596 1164 628 sicut
1186 601 1286 639 pater,

226 642 277 673 Ne
300 646 435 674 venenet
458 643 573 675 bonum
597 643 690 675 velle.
902 644 985 684 Iesu,
1011 646 1139 674 nostrae
1164 643 1267 675 carnis
1291 642 1402 675 frater.

168 718 198 747 23.
227 716 389 754 Gaude,
417 718 511 749 decor
536 718 728 758 angelorum,
846 719 877 751 6.
906 717 1032 749 Vultum
1057 720 1144 749 tuum
1171 718 1212 749 da
1235 718 1346 750 videre

226 763 340 796 Coetus
365 764 477 797 laudat
501 769 533 796 te
554 768 743 797 sanctorum.
902 764 945 796 Et
970 773 1026 796 nos
1051 765 1083 796 in
1109 768 1141 796 te
1166 765 1373 805 congaudere,

229 810 346 844 Confer
369 811 461 843 nobis
486 815 519 843 te
543 812 643 852 sitire,
903 811 966 843 Hic
989 811 1021 843 in
1047 814 1134 843 terra
1159 814 1191 843 et
1214 812 1246 843 in
1272 811 1367 850 caelo,

226 857 302 889 Post
330 858 412 890 hane
437 859 535 890 vitam
560 859 601 891 ad
626 862 659 891 te
681 860 739 891 ire.
903 858 969 897 Quo
995 858 1114 890 videris
1139 859 1208 890 sine
1235 859 1315 892 velo.

569 935 699 966 Praesta
722 935 792 974 hoc,
819 936 947 965 aeterne
972 933 1067 973 Deus,

564 981 611 1013 Tu
637 981 689 1021 qui
716 990 749 1012 es
774 981 959 1019 redemptor
982 989 1079 1012 meus.

400 1108 449 1139 20,
477 1108 592 1147 Incipit
612 1106 742 1139 devotus
762 1108 882 1148 rigmus
905 1108 941 1139 (le
959 1106 1100 1147 gloriosa
1123 1115 1213 1138 cruce

641 1155 742 1186 nostri
760 1153 977 1195 redemptoris.

168 1235 199 1267 1.
226 1235 306 1275 Ave‚
340 1235 460 1275 lignum
484 1236 613 1266 sanotae
639 1235 752 1273 crucis,
846 1236 876 1267 3.
903 1235 982 1273 Ave,
1008 1234 1119 1265 summi
1145 1233 1205 1265 Dei
1229 1233 1372 1265 thronus.

225 1281 263 1313 In
288 1285 320 1313 te
345 1281 434 1313 stetit
459 1283 569 1312 auctor
592 1280 672 1312 lucis
903 1281 940 1314 In
966 1289 1026 1320 quo
1051 1289 1147 1320 grave
1172 1280 1281 1312 mundi
1306 1289 1383 1311 onus

226 1328 482 1371 l'rotoplaustuiii
509 1327 705 1367 redimendo,
902 1327 963 1359 Est
986 1327 1125 1359 ablatum
1149 1328 1260 1367 poenis
1288 1327 1372 1358 duris

224 1374 302 1406 Eius
326 1375 448 1406 hostem
474 1374 725 1408 condemnando.
901 1374 988 1406 Ordo
1012 1375 1059 1405 sic
1083 1375 1189 1414 exegit,
1211 1374 1300 1405 iuris.

165 1442 197 1474 2.
223 1441 302 1481 Ave,
328 1441 446 1481 lignum
472 1440 683 1479 benedictum,
843 1442 875 1473 4.
901 1441 982 1479 Ave,
1007 1440 1126 1480 lignum
1151 1440 1236 1471 vitae
1261 1447 1367 1478 verae,

222 1487 350 1520 Tollens
374 1487 484 1519 mundi
508 1487 722 1529 maledictum,
903 1487 949 1518 Te
973 1487 1139 1519 laudamus
1167 1495 1250 1518 nunc
1274 1486 1397 1518 sincere

222 1534 271 1566 'Eu
296 1543 329 1567 es
355 1534 451 1567 arbor
475 1535 633 1576 salutarie,
903 1534 998 1566 Vocis
1023 1536 1118 1574 atque
1144 1534 1249 1566 cordis
1273 1533 1379 1574 laude,

223 1585 310 1620 Quae
334 1591 353 1613 a
375 1583 495 1616 cunctis
520 1583 691 1615 veneraris,
903 1581 1003 1613 Serva
1026 1590 1083 1613 nos
1107 1582 1147 1614 ab
1174 1582 1258 1613 omni
1283 1579 1405 1614 fraude.

528 1648 552 1680 O
578 1649 659 1691 Iesu,
686 1651 818 1687 propter
842 1651 927 1680 tuam
955 1656 1077 1680 crucem

525 1694 597 1727 Duc
620 1704 677 1728 nos
704 1696 746 1728 ad
771 1698 803 1727 te
828 1704 935 1728 veram
958 1696 1070 1728 lucem.

640 1814 682 1846 21.
712 1814 818 1846 Oratio
840 1815 959 1846 Altera.

168 1895 199 1928 1.
227 1894 307 1936 Ave,
336 1902 412 1926 crux
437 1893 539 1926 saneti
563 1894 702 1936 honoris,
844 1896 874 1930 3.
901 1895 981 1934 Ave,
1009 1904 1085 1927 crux
1107 1899 1141 1926 tu
1165 1894 1317 1935 virtuosa,

222 1941 271 1974 Tu
298 1950 330 1973 es
355 1942 446 1981 virga
472 1942 635 1981 creatoris
903 1941 1030 1974 Cunctis
1055 1945 1089 1973 tu
1114 1942 1157 1974 sis
1183 1943 1330 1985 gratiosa,

223 1990 292 2029 Qua
316 1997 485 2028 percussus
510 1991 558 2021 est
581 1992 753 2029 temptator
902 1989 984 2022 Fide
1011 1989 1063 2029 qui
1089 1993 1121 2021 te
1146 1990 1409 2030 contemplantur,

221 2035 267 2069 Et
289 2037 451 2076 lapsorum
476 2040 653 2070 aecusator.
900 2037 1012 2069 Morsu
1037 2037 1134 2076 hydri
1156 2045 1231 2068 mox
1255 2039 1418 2072 sanantur.

162 2105 195 2138 2.
221 2104 301 2144 Ave,
327 2103 451 2143 signum
477 2103 644 2141 elevatum,
844 2105 878 2136 4.
905 2104 984 2146 Ave⁷
1011 2112 1117 2135 ramus
1142 2103 1276 2143 pulcher
1299 2102 1389 2144 flore,

223 2150 320 2183 Virus
345 2151 444 2183 hostis
472 2180 481 2186 ,
511 2180 517 2189 ,
543 2151 650 2183 datum
901 2150 1039 2183 Cunctos
1063 2151 1192 2183 vincens
1216 2151 1249 2183 in
1276 2152 1394 2192 vigore,

223 2198 341 2232 Christi
367 2198 493 2238 plebem
518 2199 706 2239 secui-ando,
898 2198 1053 2231 Fructum
1077 2201 1210 2239 portans
1235 2199 1414 2231 sanctitatis

218 2246 316 2279 Omne
341 2245 459 2279 malum
482 2245 694 2287 profugando.
900 2246 1006 2278 Vitam
1031 2249 1064 2278 et
1087 2245 1263 2281 felicitatis,

534 2313 559 2345 Ο
587 2313 723 2354 Christe,
749 2321 808 2354 per
831 2315 917 2345 tuam
944 2321 1069 2344 crucem

534 2360 606 2394 Duc
630 2370 688 2411 nos
714 2361 755 2393 ad
778 2363 939 2393 aeternam
964 2360 1077 2394 lucem.
