1655 2573
669 96 925 132 —187—

161 190 193 222 4.
220 186 367 222 Centenis
394 191 512 223 centies
536 192 685 234 millenis,

216 236 360 269 Millenis
389 237 493 270 milies
519 240 659 272 centenis

217 283 363 316 Minutae
396 288 471 324 quot
496 289 570 318 sunt
591 288 625 318 in
650 288 764 332 arenis),

265 331 328 363 Tot
349 332 410 363 etsi
434 330 523 364 fruar
547 332 685 374 lingulis,

218 377 253 409 Si
277 378 393 417 linguis
415 379 528 419 loquar
553 381 735 420 angelorum

214 424 358 464 Arteque
387 434 497 458 canam
521 428 710 459 musicorum

216 471 260 503 Et
283 481 387 504 mores
412 481 540 505 noscam
565 475 748 513 ethicorum,

265 518 329 551 Sed
354 520 414 551 etsi
438 519 552 560 fungar
576 521 707 560 singulis

183 645 190 652 .
216 619 276 655 His
302 623 402 654 sacris
429 623 554 654 dotibus
579 622 732 663 perfecte,

216 668 424 709 Nequaquam
444 670 550 701 adhuc
566 670 661 709 quibo
678 672 766 701 recte

214 715 357 756 Reginae
383 716 464 747 caeli
487 717 688 755 praeelectae

264 763 425 795 Virtutum
450 762 561 795 laudes
585 772 734 804 pangere.

217 809 252 842 Si
275 813 382 842 tamen
409 810 491 852 ipsa,
518 819 591 850 spes
616 818 752 850 reorum,

214 856 369 889 Hocmihi
374 859 527 897 praestet,
536 858 765 897 quodmeorum

214 904 286 936 Arx
309 905 392 936 muri
417 907 490 936 ruat
513 904 671 947 vitiorum,

262 951 406 983 Tentabo
431 951 508 982 tuba
533 952 688 991 clangere.

182 1076 189 1083 .
215 1047 278 1090 En,
287 1051 390 1089 qualis
397 1050 587 1082 exstathaec
596 1052 628 1080 et
637 1052 762 1090 quanta,

213 1096 275 1129 Est
298 1098 385 1129 cuius
410 1097 615 1137 pulchritudo
638 1098 739 1136 tanta,

216 1143 270 1176 Sic
294 1153 313 1175 a
337 1144 444 1185 supini
467 1144 559 1184 pedis
584 1144 695 1183 planta

261 1191 315 1224 Ad
337 1192 488 1223 verticem
514 1192 725 1231 protenditur.

213 1238 275 1279 En,
298 1238 378 1270 haec
401 1242 449 1270 est
463 1239 553 1277 virgo
569 1237 763 1278 praeceden-

860 195 892 227 8.

860 625 890 656 9.

836 1049 890 1083 10.

918 190 970 226 Ex
994 192 1176 225 intermixto
1201 192 1295 224 liliali

917 240 1085 272 Rubedine
1110 248 1181 271 cum
1201 240 1317 271 roseali

916 287 1072 319 Maxillae
1094 289 1181 318 sorte
1204 286 1307 318 nitent
1329 286 1386 318 tali

965 332 1098 366 Perfuso
1124 332 1230 365 fronte
1254 333 1393 373 parcius.

918 381 1087 413 Cincinnos
1112 389 1174 412 non
1201 380 1327 412 adulter
1351 378 1441 412 fucus

918 427 1078 460 Subornat
1090 436 1190 467 neque
1203 427 1327 467 tingens
1337 436 1440 466 sucus,

919 475 1050 507 Subtilis
1075 475 1137 506 iste
1162 483 1232 506 cum
1258 475 1301 506 sit
1325 474 1440 506 brucus

964 521 1122 553 Pudorem
1150 522 1266 553 rodens
1291 521 1402 553 artius.

915 620 1055 662 Nasique
1079 622 1182 655 forma
1205 625 1371 656 moderata

915 670 984 709 Est,
1012 678 1071 701 nec
1097 671 1249 708 depressa
1269 679 1328 702 nec
1345 672 1438 711 elata,

919 716 1082 756 Pigmenta
1111 716 1175 747 reis
1200 717 1240 748 de
1265 726 1325 756 quo
1351 720 1443 758 grata

964 763 1149 795 Scaturiunt
1175 763 1301 803 cotidie,

915 810 1000 842 Huic
1025 810 1108 842 oculi
1132 811 1377 849 praerutilantes

918 857 999 889 Sunt
1031 860 1063 889 et
1085 859 1121 888 ut
1144 857 1257 888 stellae
1278 857 1441 890 radiantes

915 905 965 936 Ac
988 905 1022 935 in
1046 904 1166 936 virtute
1193 907 1394 936 coruscantes

964 951 1018 983 Sol
1051 954 1212 990 tamquam
1236 951 1269 983 in
1294 952 1442 984 meridie.

918 1046 1056 1089 Seseque
1069 1058 1176 1098 somno
1188 1058 1347 1090 nunquam
1364 1051 1440 1082 dan-

1218 1099 1231 1127 ‘t

920 1143 1096 1183 Palpebrae
1108 1152 1210 1184 neque
1220 1105 1437 1184 degrmitantes,

919 1191 982 1223 Sed
1007 1193 1081 1222 sunt
1104 1200 1162 1230 pro
1189 1191 1253 1222 suis
1271 1191 1437 1230 vigilantes

964 1238 1134 1270 Praeclara
1158 1238 1338 1277 supercilia.

537 1292 602 1317 tem
915 1285 941 1317 Ο
962 1293 1055 1325 quam
1074 1286 1224 1317 decenter
1240 1289 1354 1317 ornant
1369 1285 1437 1317 vul-

212 1333 285 1365 Non
298 1333 419 1365 habens
432 1341 541 1373 parem
558 1341 618 1364 nec
630 1340 761 1372 sequen-
1215 1334 1292 1373 tum,

536 1383 599 1411 tem
915 1378 1026 1411 Totius
1038 1387 1161 1419 quoque
1175 1378 1295 1410 somnae
1308 1379 1437 1418 cultum,

215 1427 392 1460 Virtutibus
417 1427 693 1467 aequipollentem,

257 1474 309 1506 Ex
335 1474 465 1514 script-is
490 1477 524 1506 ut
540 1474 761 1516 perpenditur.

176 1601 184 1607 ,
206 1571 274 1607 Dos
289 1577 376 1606 casta
390 1574 468 1606 haec
477 1576 526 1605 est
534 1574 625 1613 virgo
632 1582 760 1615 parens,

208 1620 315 1653 Enixa
339 1622 441 1654 virum
465 1621 534 1652 viro
559 1629 679 1662 carens,

209 1668 394 1701 Producens
409 1676 536 1708 germen
553 1668 645 1700 huius
656 1676 760 1709 arens,

256 1715 348 1747 Haec
364 1724 487 1755 quoque
504 1714 643 1754 phoenix
654 1715 760 1755 unica,

214 1762 355 1802 Capillos
381 1762 468 1794 cuius
493 1762 563 1794 auri
589 1762 675 1794 color

210 1809 256 1842 Et
282 1810 432 1841 verticem
456 1809 590 1841 miratur
614 1810 693 1849 olor,

213 1857 251 1890 In
276 1855 370 1898 facie,
396 1866 458 1897 qua
482 1857 562 1888 mire
585 1856 681 1897 solor,

259 1904 423 1937 Adrident
446 1904 531 1937 mala
554 1904 680 1944 punica.

833 1573 888 1604 11.

916 1426 1042 1466 Oreque
1064 1425 1164 1457 labris
1189 1425 1284 1457 rubet
1305 1427 1439 1458 multum

961 1473 1052 1505 Haec
1072 1473 1209 1512 pulchra
1233 1472 1308 1504 Sion
1333 1472 1410 1507 filia,

913 1569 953 1605 In
977 1571 1073 1605 India
1096 1579 1155 1603 nec
1180 1571 1258 1604 ebur
1281 1573 1346 1604 talc

913 1618 1073 1660 Nutritur,
1100 1619 1247 1651 dentibus
1269 1622 1318 1651 est
1334 1620 1436 1660 quale,

915 1666 1070 1699 Candoris
1097 1666 1193 1698 decus
1218 1666 1374 1707 virginale

959 1714 1129 1746 Illustrans
1154 1714 1218 1746 oris
1243 1714 1392 1755 medium,

914 1760 1095 1801 Gutturque
1118 1761 1221 1793 lacteo
1248 1762 1354 1793 colore

914 1809 1096 1850 Gandescit‚
1112 1809 1226 1840 collum
1239 1809 1322 1841 nivis
1338 1817 1436 1850 more,

914 1856 1438 1898 Stupescitmentumpraedecore,

958 1903 1014 1935 Fit
1039 1903 1127 1935 exsul
1153 1911 1244 1935 omne
1269 1903 1420 1935 taedium.

491 1999 546 2032 12.
574 1996 737 2040 Supernus
763 2001 874 2031 auctor
899 1999 963 2038 egit
987 2001 1083 2038 sorte,

573 2046 665 2085 Quod
689 2055 781 2078 aures
803 2046 895 2078 huius
920 2043 1028 2078 forent
1051 2046 1164 2086 portae

575 2093 742 2126 Caelorum
766 2093 850 2133 regis
871 2101 984 2133 preces
1007 2090 1093 2125 forte

619 2141 773 2174 Nolentes
801 2149 939 2181 uuquam
963 2148 1124 2180 spernere.

572 2189 598 2222 Ο
623 2198 715 2230 quam
740 2188 877 2229 felicem,
904 2197 998 2228 quam
1022 2187 1150 2220 beatum

569 2236 665 2269 Hunc
689 2236 793 2270 dicam
816 2235 896 2278 fore,
922 2236 973 2268 cui
998 2236 1106 2268 datum

570 2284 633 2316 Est
655 2285 740 2316 hunc
770 2284 974 2325 praeclarum
999 2286 1032 2315 et
1057 2284 1190 2316 ditatum

619 2332 750 2365 Vultum
773 2332 807 2364 in
833 2340 944 2364 aevum
970 2340 1110 2364 cernere.
