1655 2573
715 147 946 185 -70-

605 260 666 293 150.
701 261 745 291 De
764 261 871 291 sancto
891 258 1060 290 Edmunclo.

232 339 263 374 1.
291 338 430 372 Illustris
455 340 624 373 memoriae

332 387 497 427 laudisque
520 387 685 420 iucundae.

285 434 322 465 In
347 441 481 473 superno
505 433 638 464 rutilans

332 488 437 519 regno,
463 488 520 510 rex
544 479 741 518 Eadmunde‚

287 526 432 557 Summae
456 534 559 557 rorem
584 526 705 564 gratiae

330 572 486 603 mentibus
510 570 651 615 infunde,

285 618 330 650 Ut
355 618 469 649 divinis
493 618 661 658 splendeat

334 665 443 705 gratiis
469 665 612 699 fecunde.

227 723 258 753 2.
284 721 384 752 Felici
414 721 598 754 commercio

331 768 509 808 gaudioque
532 769 625 808 pleno

285 814 429 846 Caeleste
453 815 626 854 suscipiens

332 870 460 900 regnum
484 870 543 901 pro
567 864 694 893 terreno

286 907 506 947 Supplicantes
532 908 621 940 oculo

330 955 453 993 respice
476 963 597 994 sereno,

288 1000 337 1032 Ne
361 1002 477 1040 spretis
504 1002 690 1033 caelestibus

331 1049 419 1080 locus
444 1049 486 1079 sit
508 1049 542 1079 in
568 1056 673 1083 caeno,

233 1105 263 1137 3.
289 1104 339 1135 De
363 1104 434 1136 lacu
457 1105 603 1135 miseriae

331 1153 363 1181 et
386 1151 425 1182 de
448 1152 514 1182 luto
540 1150 635 1182 faecis

283 1197 350 1228 Nos
374 1197 487 1229 educat
509 1198 655 1229 meritum

331 1247 403 1275 tuae
427 1247 554 1275 sanctae
578 1253 692 1286 precls,

283 1290 328 1322 Ut,
350 1299 409 1329 per
433 1291 658 1331 paenitentiam

330 1337 456 1369 reddita
481 1338 535 1368 lux
559 1339 659 1369 caeeis

283 1383 349 1414 Nos
373 1393 393 1414 a
415 1392 498 1415 nexu
522 1384 637 1415 liberet

330 1431 542 1468 sempiternae
566 1432 662 1465 necis,

225 1487 260 1518 4.
286 1485 338 1516 Ad
362 1485 432 1526 hoc,
462 1488 498 1517 ut
523 1486 646 1518 devotio

327 1533 441 1564 mentis
466 1533 630 1574 excitetur,

285 1578 393 1610 Sancti
417 1580 499 1619 regis
524 1580 625 1619 gloria

330 1625 419 1657 miles
446 1627 628 1667 delectetur,

282 1672 329 1704 Ut
351 1673 465 1704 amoris
491 1673 635 1712 passibus

328 1719 431 1757 ipsum
454 1720 604 1760 imitetur,

282 1764 361 1797 Caro
386 1765 461 1798 licet
484 1765 605 1806 fragilis

328 1813 424 1844 menti
449 1814 630 1849 reluctetur.

224 1870 254 1900 5.
284 1867 478 1901 Christianae
502 1869 576 1902 fidei

328 1914 420 1947 fortis
443 1920 667 1960 propugnator,

281 1961 435 1994 Residens
456 1963 489 1994 in
515 1964 593 1995 solio

327 2010 416 2048 regni
440 2010 638 2055 gubernator,

284 2055 366 2093 Quid
390 2057 476 2099 velit,
503 2058 577 2097 quid
603 2060 707 2090 valeat

327 2102 487 2135 hominum
507 2107 688 2146 temptator⁷

281 2149 510 2188 Praetemptati
534 2151 660 2183 Domini

330 2195 427 2227 sentis
455 2197 606 2230 imitator.

226 2253 257 2285 6.
283 2251 438 2290 Exemplo
463 2262 520 2284 nos
546 2253 663 2285 celebri

331 2299 438 2330 volens
459 2298 623 2332 informari

284 2345 429 2377 Christus
453 2356 472 2378 a
499 2347 623 2379 diabolo

326 2393 426 2426 voluit
449 2395 607 2439 temptari,

901 535 918 566 κ’]

874 1686 929 1718 10.

875 2072 930 2104 11.

959 337 1005 369 Ut
1028 347 1087 379 per
1110 339 1295 377 patientiam

1006 385 1130 416 discant
1154 386 1353 428 conformari,

959 431 1018 470 Qui
1043 441 1078 463 se
1103 440 1176 464 vero
1202 434 1299 473 capiti

1006 479 1116 511 volunt
1145 481 1296 519 coaptari.

924 559 931 566 .
957 534 1034 566 Cum
1059 543 1133 574 ergo
1156 536 1321 576 temptatio

1004 582 1048 613 sit
1070 582 1149 613 haec
1173 583 1240 614 vita
1263 585 1340 621 tota,

960 627 1138 668 Nostraque
1164 629 1308 661 condicio

1005 675 1064 707 tibi
1087 676 1139 715 sit,
1166 685 1232 718 rex,
1259 679 1344 716 nota,

956 721 1044 762 Rege
1066 731 1124 754 nos
1150 726 1182 754 et
1206 723 1291 763 erige

1006 770 1171 809 dirigendo
1197 774 1280 806 vota,

956 815 1006 847 Ne
1030 817 1123 848 cedat
1148 817 1312 849 certamini

1002 872 1089 894 mens
1114 863 1257 896 adversis
1281 867 1376 896 mota.

922 943 929 950 .
955 919 1036 951 Inde
1060 922 1132 951 voto
1157 920 1254 960 regio,

1002 975 1068 1005 rex,
1094 968 1195 998 utaris
1219 968 1297 1010 iure,

955 1013 1178 1053 Persequendo
1204 1014 1281 1046 vitia

1004 1059 1150 1091 deferens
1174 1063 1317 1098 naturae,

954 1106 1009 1138 Ad
1033 1107 1166 1139 salutem
1192 1108 1356 1139 consulens

1003 1162 1104 1185 novae
1130 1157 1302 1193 creaturae,

955 1200 1002 1233 Ut
1024 1209 1044 1231 a
1069 1209 1142 1231 casu
1166 1201 1282 1233 veteris

1003 1250 1113 1278 caveat
1135 1248 1286 1280 iacturae.

924 1327 931 1334 .
958 1302 1104 1335 Summae
1126 1305 1194 1345 regi
1219 1304 1338 1345 gloriae

1002 1354 1111 1390 gratus
1137 1355 1170 1384 et
1194 1354 1355 1392 acceptus,

956 1396 1054 1437 Regio
1078 1398 1249 1430 munimine

1004 1448 1105 1475 certas
1132 1445 1390 1486 circumsaeptus,

956 1489 1060 1522 Nullis
1086 1500 1218 1531 usquam
1241 1491 1380 1524 hostium

1005 1537 1087 1569 dolis
1109 1537 1316 1579 interceptus,

952 1582 1111 1616 Diadema
1132 1585 1253 1625 gloriae

997 1631 1099 1663 victor
1124 1640 1156 1662 es
1182 1634 1328 1673 adeptus

955 1686 1013 1726 Qui
1040 1688 1134 1727 digna
1158 1699 1217 1729 pro
1245 1690 1367 1722 meritis

999 1735 1142 1774 praemia
1167 1737 1279 1777 largiri

950 1779 995 1813 Et,
1017 1791 1131 1822 magna
1155 1792 1214 1823 pro
1238 1784 1377 1816 minimis

999 1829 1089 1860 novit
1111 1830 1280 1874 impertiri,

954 1874 1046 1907 Vires
1072 1886 1188 1918 augens
1214 1879 1371 1912 mentium

998 1923 1078 1955 tanti
1102 1933 1215 1964 preces
1244 1926 1304 1958 viri

953 1969 1075 2009 Piaque
1099 1971 1247 2013 suffragia

998 2021 1139 2056 praestet
1164 2021 1312 2060 experiri.

958 2072 982 2105 O
1007 2074 1089 2106 mira
1115 2077 1288 2108 certamina

1004 2121 1087 2160 regis
1109 2122 1249 2163 gloriosi,

955 2166 1092 2206 Perfert,
1121 2170 1276 2209 quidquid
1293 2169 1435 2204 inferunt

999 2214 1106 2245 hostes
1135 2214 1256 2256 furiosi,

955 2259 1002 2292 Ut
1025 2264 1153 2292 rorante
1177 2264 1338 2303 sanguinis

1001 2308 1087 2339 unda
1111 2310 1244 2347 pretiosi

956 2352 1053 2393 Seges
1077 2355 1144 2387 lata
1166 2358 1303 2397 prodeat

1005 2401 1127 2434 fructus
1154 2405 1281 2445 copiosi.
