1655 2573
662 104 897 145 —37—-⁴

463 202 509 234 65.
538 201 585 233 Ad
604 202 744 234 sanetum
765 200 873 233 Iudam
892 200 1099 232 Thaddaenm.

139 282 170 313 1.
197 280 300 323 Ave,
328 281 409 312 Iuda
433 282 469 312 tu
492 281 677 320 Thaddaee,
819 282 851 313 3.
877 279 1036 322 Gaude,
1061 280 1148 312 salus
1171 280 1380 313 Persidarum

196 328 302 368 Purga
326 328 438 359 sordes
463 328 577 360 mentis
602 336 701 369 meae,
878 326 1024 358 Gentium
1055 329 1087 358 et
1108 327 1251 362 aliarum,

196 373 245 406 Tu
270 383 303 406 es
328 378 420 406 natus
448 375 487 406 de
511 374 668 414 Alphaeo‚
876 374 959 413 Quas
984 374 1036 405 hic
1061 373 1187 406 Christo
1212 374 1387 417 acquisisti,

198 420 261 453 Par
286 424 320 451 et
342 422 443 453 Iudae
465 421 670 454 Maccabaeo.
876 420 959 453 Fide
981 423 1072 452 recta
1098 421 1289 454 instruxisti.

138 479 168 510 2.
196 478 341 517 Salve,
366 478 456 517 Iuda,
482 486 538 509 vas
564 477 726 516 virtutum,
819 478 851 508 4.
878 477 996 520 Vale,
1024 475 1116 509 fortis
1140 478 1322 517 proeliator,

197 524 285 557 Pelle
318 524 443 556 hostem
466 532 549 556 nunc
574 526 746 556 versutum.
874 523 985 555 Nostri
1009 523 1052 555 sis
1077 533 1161 555 nunc
1184 524 1376 565 defensator,

196 570 338 603 Iubilum
368 571 408 602 da
432 570 536 602 laudis
562 571 634 610 Dei,
879 569 1038 602 Christum
1061 573 1097 602 tu
1121 579 1191 602 cum
1215 572 1333 603 sanctis
1358 580 1425 610 ora,

195 617 311 649 Robur
336 616 444 649 confer
467 616 663 649 Maccabaei.
877 616 995 648 Tecum
1019 620 1054 648 ut
1078 617 1137 648 sim
1162 618 1273 650 mortis
1300 619 1387 650 hora.

481 724 527 756 66.
556 722 602 754 Ad
622 724 761 754 sanetum
779 722 945 754 Matthiam
965 723 1075 754 oratio.

140 803 171 837 1.
198 806 298 848 Ave,
324 806 433 836 sancte
457 812 475 835 o
499 803 646 845 Matthia,
821 803 852 836 3.
879 802 1039 843 Grande,
1066 804 1152 835 tutor
1175 803 1396 845 Treverorum,

198 850 283 883 Mire
305 849 399 883 flores
424 850 478 882 hic
500 851 533 882 in
556 851 619 889 via,
879 849 1005 881 Clarum
1030 850 1136 881 lumen
1160 851 1401 890 mundanorum,

201 898 334 937 Propter
359 901 444 929 tuam
468 897 667 929 sanctitatem
880 895 1016 928 Cunctos
1043 896 1140 929 fidem
1167 897 1310 937 docuisti,

195 945 296 976 Datus
323 953 355 976 es
381 946 422 976 ad
449 944 642 984 dignitatem.
875 943 987 975 Multis
1013 943 1110 984 signis
1136 945 1288 977 claruisti.

141 1003 170 1033 2.
197 1001 343 1043 Salve,
368 1003 404 1031 tu
428 1000 574 1033 Israelita
816 1000 848 1031 4.
875 998 992 1039 Vale,
1017 1003 1129 1039 potens
1154 1003 1190 1032 tu
1210 1001 1349 1033 Matthia

195 1047 269 1079 Sine
296 1047 367 1079 dolo
391 1047 425 1078 in
450 1047 510 1079 hac
533 1048 609 1088 vita,
873 1046 966 1078 Nunc
988 1047 1021 1078 in
1047 1046 1126 1078 caeli
1148 1047 1336 1088 hierarchia,

195 1094 281 1134 Lege
306 1094 426 1126 Christi
450 1092 595 1133 floruisti,
875 1092 1006 1125 Gratiae
1030 1093 1083 1126 hic
1108 1093 1218 1126 confer
1242 1098 1353 1135 sortes,

196 1141 294 1174 Omne
319 1141 434 1173 malum
460 1140 621 1172 horruisti.
871 1139 942 1172 Duc
966 1150 1023 1172 nos
1050 1141 1128 1173 caeli
1153 1141 1195 1175 ad
1220 1142 1373 1174 cohortes.

118 1282 376 1321 Expliciunt
422 1281 641 1314 orationes
692 1282 739 1313 de
787 1282 1007 1320 apostolis
1054 1282 1096 1314 in
1144 1283 1339 1323 generali
1380 1286 1419 1315 et

164 1328 360 1369 speciali.
411 1328 635 1369 Incipiunt
658 1328 707 1360 ad
731 1331 907 1360 sanctos
929 1331 1142 1368 martyres
1168 1332 1207 1361 et
1229 1330 1381 1370 primo:

376 1418 419 1449 67.
449 1418 495 1449 Ad
514 1418 775 1459 protomartyrem
795 1419 935 1450 sanctum
954 1417 1154 1459 Stephanum.

137 1500 167 1531 1.
194 1499 298 1537 Ave,
324 1500 447 1537 martyr
469 1498 666 1539 principalis,
812 1498 843 1531 3.
872 1497 1029 1542 Gaude,
1056 1500 1091 1530 tu
1116 1499 1169 1538 qui
1193 1500 1341 1538 micuisti,

194 1545 364 1585 Stephane,
390 1548 426 1576 ut
448 1543 506 1576 fios
531 1545 669 1577 vernalis
868 1545 1009 1585 Angelus
1035 1546 1100 1578 acsi
1125 1544 1224 1588 fuisti,

191 1592 337 1631 Erupisti
360 1592 529 1633 pullulare,
869 1592 990 1633 Gratia,
1016 1602 1097 1633 quae
1119 1593 1180 1625 tibi
1204 1593 1290 1634 data,

190 1639 302 1671 Fidem
329 1639 446 1672 Christi
471 1639 667 1681 praedicare.
866 1640 929 1672 Per
953 1643 985 1671 te
1009 1640 1100 1672 nobis
1125 1641 1168 1672 sit
1193 1641 1317 1673 collata.

134 1698 164 1729 2.
192 1695 338 1735 Salve,
368 1695 488 1736 primus
513 1695 690 1735 levitarum,
811 1697 842 1729 4.
870 1696 990 1739 Vale,
1017 1697 1107 1728 miles
1133 1701 1309 1742 coronatus,

188 1743 305 1776 Plenus
328 1751 402 1774 rore
426 1743 608 1783 gratiarum,
867 1744 995 1784 Frange
1017 1744 1118 1776 hostis
1142 1753 1228 1776 nunc
1252 1747 1391 1783 conatus,

190 1790 238 1822 Tu
262 1789 397 1823 Iudaeos
424 1789 604 1827 confutasti,
863 1790 914 1822 Da
937 1790 1116 1831 perfectum
1140 1792 1202 1823 Dei
1227 1792 1329 1825 zelum

190 1837 348 1870 Christum
373 1836 475 1869 Deum
500 1836 696 1876 adprobasti.
862 1838 907 1870 Et
916 1847 985 1870 cum
993 1840 1111 1871 sanctis
1123 1848 1277 1872 summum
1284 1840 1414 1873 caelum.

411 1946 457 1978 68.
487 1946 533 1978 Ad
554 1947 696 1978 sanetum
716 1946 916 1979 Laurentium
936 1948 1118 1989 martyrem.

140 2028 171 2063 1.
197 2029 301 2068 Ave,
327 2031 449 2068 martyr
473 2027 667 2067 honorande,
813 2030 845 2061 3.
871 2028 1032 2068 Gaude,
1057 2031 1180 2069 martyr
1203 2029 1270 2069 igni
1295 2030 1399 2070 datus,

186 2076 211 2108 Ο
246 2075 403 2109 Laurenti
427 2074 650 2115 praeamande,
867 2076 979 2107 Multis
1003 2076 1105 2116 plagis
1132 2085 1165 2108 es
1188 2077 1353 2117 probatus,

183 2123 396 2156 Praedicator
422 2122 573 2165 veritatis,
864 2123 973 2155 Fortis
1000 2126 1112 2156 cuncta
1136 2125 1305 2166 superasti,

186 2170 320 2204 Florens
346 2179 469 2211 gemma
492 2170 679 2204 honestatis,
864 2171 928 2211 Spe
951 2171 1108 2204 mercedis
1133 2172 1287 2206 tolerasti.

123 2230 154 2261 2.
181 2227 325 2269 Salve,
352 2227 475 2268 fulgens
500 2227 588 2260 velut
609 2236 729 2265 auium,
807 2231 838 2262 4.
866 2228 988 2269 Vale,
1013 2231 1136 2269 martyr
1159 2229 1228 2261 Deo
1253 2232 1372 2271 gratae,

181 2274 316 2309 Sanctae
342 2277 425 2309 vitae
450 2280 484 2308 tu
509 2275 691 2307 thesaurum
862 2276 922 2313 Da,
948 2280 985 2308 ut
1008 2277 1067 2308 sim
1091 2285 1151 2318 per
1177 2280 1209 2308 te
1233 2281 1385 2317 purgatus

176 2322 244 2356 Tuo
268 2326 355 2357 statu
379 2322 558 2362 ostendisti,
862 2324 955 2356 Omni
978 2323 1053 2356 labe
1075 2324 1227 2358 vitiorum

176 2370 251 2405 Cum
278 2380 356 2412 prae
382 2370 503 2403 cunctis
529 2370 677 2405 micuisti.
863 2370 1002 2411 Sperans
1028 2371 1135 2403 sedem
1162 2372 1343 2405 electorum.
