1655 2573
667 535 689 566 l.
720 537 762 567 De
783 545 823 567 ss.
844 536 1009 568 Trinitate.

204 613 234 646 1.
261 615 342 653 Ave,
368 617 478 645 sancta
502 614 638 652 trinitas,
879 616 910 648 3.
936 615 1018 655 Ave,
1043 625 1105 656 pax
1131 616 1288 648 tutissima

307 660 439 701 Semper
463 661 635 704 adoranda,
985 662 1092 694 Omnis
1118 666 1290 702 creaturae,

260 708 342 739 Vere
366 707 501 747 simplex
526 707 641 749 unitas,
933 708 981 741 Tu
1007 717 1039 740 es
1064 709 1119 740 lux
1144 710 1313 749 purissima

304 754 409 795 Digne
434 754 623 794 veneranda,
982 756 1147 788 Humanae
1170 759 1302 788 naturae

258 803 338 844 Ave,
364 811 486 834 summa
510 801 646 845 bonitas,
933 802 978 835 Et
1000 803 1067 835 vita
1091 802 1264 843 verissima,

306 849 426 889 Iugiter
451 849 601 888 optanda,
981 850 1082 882 Dator
1106 850 1190 882 vitae
1213 859 1314 890 purae

257 897 337 935 Ave,
365 899 511 928 constans
537 896 664 939 veritas,
936 898 1041 936 Atque
1065 897 1117 928 lex
1141 897 1318 929 rectissima

309 942 427 975 Sedule
451 942 621 975 laudanda.
983 943 1103 975 Cuncta
1126 951 1238 983 regens
1263 944 1342 976 iure,

199 999 231 1031 2.
257 1000 337 1039 Ave,
363 998 449 1031 clara
476 998 587 1038 deitas,
877 1001 911 1033 4.
938 1001 1016 1039 Ave,
1042 1000 1148 1031 lumen
1172 1000 1291 1039 gloriae

306 1045 456 1085 Undique
480 1054 658 1084 coruscans,
983 1046 1128 1079 Omnium
1153 1050 1342 1087 sanctorum=

257 1094 307 1125 Tu
331 1091 475 1133 perfecta
500 1094 627 1132 caritas,
933 1093 983 1125 Tu
1009 1093 1143 1125 dulcedo
1166 1093 1294 1133 gratiae.

305 1139 418 1172 Omnia
443 1140 596 1177 adunans,
981 1140 1092 1172 Honor
1117 1141 1298 1173 electorum.

256 1188 305 1219 Tu
329 1186 400 1219 fons
425 1186 612 1226 sapientiae,
933 1188 1052 1220 Rorem
1078 1188 1118 1219 da
1144 1188 1340 1228 clementiae,

304 1234 436 1265 Animas
460 1233 634 1274 illustrans,
981 1235 1091 1266 Firma
1115 1243 1188 1275 spes
1212 1243 1364 1275 errorum,

258 1281 375 1313 Noctes
399 1281 597 1320 ignorantiae
933 1281 1031 1313 Manu
1058 1281 1119 1313 duo
1143 1281 1305 1322 potentiae

305 1328 434 1359 Penitus
460 1328 660 1368 propulsans.
980 1328 1109 1360 Culmen
1135 1328 1176 1361 ad
1200 1328 1370 1361 caelorum.

545 1386 577 1417 5.
604 1383 714 1416 Gloria
737 1384 781 1416 sit
804 1384 950 1428 trinitati,

601 1430 686 1462 Laus
711 1434 841 1463 aeterna
863 1432 988 1471 unitati,

602 1477 718 1510 Grates
741 1487 882 1510 summae
903 1477 1063 1511 maiestati

600 1525 785 1565 Horamque
811 1526 979 1564 divinitati,

601 1572 693 1604 Salus
718 1582 851 1613 magnae
875 1573 1037 1613 potestati,

601 1620 711 1652 Virtus
733 1621 776 1652 sit
800 1623 832 1652 et
855 1621 992 1653 bonitati

599 1667 650 1699 Ab
676 1667 761 1699 omni
784 1670 840 1700 tua
864 1670 1023 1707 creatura,

601 1715 687 1755 Quae
710 1715 856 1747 subsistit
879 1715 913 1747 in
937 1718 1062 1750 natura.

641 1826 668 1855 2.
700 1824 806 1856 Oratio
828 1825 868 1856 ad
887 1825 1021 1857 Patrem.

194 1906 224 1938 1.
252 1906 331 1944 Ave,
358 1905 460 1944 pater,
486 1912 605 1936 summe
628 1904 725 1944 Deus,
876 1907 906 1939 3.
935 1908 1015 1948 Ave,
1040 1906 1193 1946 splendor
1217 1906 1408 1949 angelorum,

253 1952 304 1984 Tu
327 1951 382 1991 qui
406 1959 439 1982 es
465 1954 590 1984 creator
610 1961 708 1990 meus,
933 1953 1044 1985 Gloria
1068 1961 1102 1984 es
1127 1954 1309 1992 electorum,

253 1999 320 2032 Fac
344 2008 396 2031 me
422 1999 517 2039 digne
541 2001 574 2030 te
598 1999 730 2032 laudare
930 2000 998 2033 Fac
1022 2008 1073 2032 me
1096 2000 1180 2032 iuste
1206 2000 1369 2032 ambulare

251 2047 296 2079 Et,
320 2055 391 2078 cum
415 2046 533 2078 sanetis
558 2046 705 2081 adorare.
930 2048 975 2080 Et
998 2057 1018 2080 a
1040 2048 1134 2080 malis
1159 2047 1330 2080 declinare.

191 2106 222 2137 2.
250 2106 328 2144 Ave,
353 2105 447 2144 pater
471 2112 625 2135 summum
652 2104 777 2144 bonum,
872 2106 903 2137 4.
929 2106 1009 2145 Ave,
1036 2105 1137 2136 virtus
1163 2105 1345 2144 aeternalis,

250 2155 280 2183 A
305 2154 338 2182 te
363 2151 429 2183 exit
453 2160 545 2183 omne
571 2152 696 2191 donum,
928 2153 978 2184 Tu
1001 2153 1178 2192 plasmator
1201 2153 1370 2193 generalis,

248 2199 286 2231 In
310 2201 343 2231 te
368 2207 462 2240 spero
487 2207 562 2231 vero
587 2198 666 2240 Deo,
928 2199 1002 2232 Tibi
1026 2209 1185 2240 nunquam
1212 2201 1253 2232 da
1277 2200 1399 2240 abesse,

250 2246 394 2279 Gratiam
420 2246 462 2278 da
484 2247 563 2278 mihi
587 2255 653 2279 reo.
928 2247 993 2280 Sed
1016 2257 1068 2280 me
1091 2251 1196 2280 tecum
1220 2256 1347 2287 semper
1372 2256 1451 2282 esse.

570 2305 704 2337 Praesta
728 2304 797 2343 hoe,
829 2308 959 2337 aeterne
983 2304 1081 2345 Deus,

571 2351 621 2384 Tu
646 2350 700 2392 qui
726 2360 758 2384 es
782 2354 907 2387 creator
930 2360 1027 2387 meus.

1268 2406 1309 2435 2*
