1655 2573
168 216 199 248 5.

693 124 937 159 —177—

228 214 357 247 Naboth
382 215 460 248 olim
485 218 656 261 lapidatus,

180 270 183 276 ·
226 261 355 294 Cunctis
380 262 474 296 rebus
499 267 533 297 tu
557 266 711 307 privatus,

165 1671 221 1703 10.

163 1905 216 1940 15.

160 2144 215 2176 20.

273 309 386 341 Pulsus
409 310 442 343 in
468 312 624 350 exsilium,

223 356 332 388 Omnis
357 365 451 390 sexus
474 361 546 391 tuus
572 363 680 399 gratus

226 403 397 443 Spoliatus,
425 406 596 446 exsulatus,

273 450 363 482 Nulli
391 450 429 483 fit
453 453 613 486 auxilium.

192 530 199 538 .
225 507 368 538 Tandem
394 516 483 540 enses
507 509 716 549 malignorum

225 553 326 585 Tuum
353 556 516 589 cerebrum
543 556 691 588 decorum

272 601 434 641 Spargunt
457 602 662 641 horribiliter,

225 647 340 686 Sicque
364 647 473 680 sedem
496 649 580 680 inter
606 649 734 679 chorum

224 694 408 726 Praevisam
435 695 650 734 apostolorum

273 740 423 772 Possides
449 741 603 773 heriliter.

846 220 877 252 7.

846 512 877 543 8.

905 218 1021 252 Cantus
1046 217 1151 250 obitus
1175 219 1328 251 maeroris

906 265 1041 298 Pretiosi
1065 264 1102 297 fit
1126 266 1255 297 honoris

950 313 1081 353 Angelis
1105 313 1309 351 mutantibus,

904 360 993 391 Tunc
1017 361 1156 392 mutatur
1180 359 1228 392 vis
1255 359 1372 392 doloris

906 407 943 438 In
969 406 1070 446 optati
1095 408 1157 438 vim
1182 407 1300 438 valoris

953 453 1083 486 Cunctis
1109 453 1356 493 aegrotantibus.

905 509 968 541 Sed
992 518 1065 541 mox
1089 509 1316 541 interficientes

901 555 1010 588 Morbi
1034 565 1146 595 graves
1171 557 1372 588 vehementes

948 603 1087 635 Puniunt
1111 605 1274 643 acerrime,

904 649 1059 680 Membris
1089 651 1166 682 torti
1191 651 1241 681 vel
1266 651 1406 681 amentes

905 695 1069 736 Digitosve
1096 697 1311 736 discerpentes

952 742 1091 773 Pereunt
1114 743 1300 774 miserrime.

512 799 543 830 9.
570 797 665 837 Hinc,
692 806 709 828 0
734 798 871 837 gloriose
894 798 1025 837 Thoma,

566 845 596 876 A
620 853 671 875 me
695 844 779 877 mala
804 847 917 877 cuncta
943 845 1044 887 doma,

611 891 701 923 Bona
727 892 767 923 da
792 892 953 934 encennia,

565 937 697 977 Semper
718 938 790 976 pius
815 939 892 970 mihi
918 947 1006 970 coma

564 984 669 1024 Salva,
696 993 789 1017 serva
814 994 877 1025 cor,
904 994 948 1028 os,
975 987 1083 1025 σῶμα,

608 1031 679 1063 Duc
703 1031 745 1062 ad
770 1033 850 1064 caeli
873 1033 1005 1064 moenia.

226 1086 306 1114 Orat.
327 1095 377 1113 ms.
400 1085 606 1114 Carthusiense
626 1094 701 1114 saec.
725 1084 768 1114 15.
810 1088 878 1115 Cod.
901 1088 996 1123 Capit.
1017 1087 1175 1115 Trevirens
1197 1086 1259 1115 116.

551 1177 618 1208 330.
650 1176 694 1208 De
714 1185 754 1208 ss.
776 1178 885 1210 Tribus
904 1177 1047 1217 Regibus.

246 1247 271 1279 Ο
297 1249 363 1278 tres
387 1255 478 1288 reges
503 1250 567 1279 tam
591 1249 747 1290 potentes,

247 1294 450 1334 Locupletes,
477 1295 647 1334 sapientes,

246 1341 315 1372 Iam
341 1345 508 1380 regnantes
536 1350 605 1373 cum
630 1341 742 1380 beatis,

247 1388 395 1419 Vestrum
412 1397 538 1420 servum
551 1397 592 1419 ne
603 1388 771 1427 spernatis,

211 1458 218 1464 .
245 1435 305 1473 Qui
330 1434 463 1467 baberet
485 1444 542 1467 ora
566 1435 664 1477 mille,

247 1482 311 1514 Vix
335 1482 483 1514 laudaret
507 1491 562 1514 vos
587 1482 714 1521 pusille,

246 1529 322 1568 Quis
340 1528 414 1559 hinc
433 1529 527 1569 digne
543 1538 598 1561 vos
615 1528 770 1572 laudabit,

243 1575 370 1608 Laudes
395 1580 518 1607 vestras
543 1576 721 1615 replicabit,

245 1623 315 1654 Nisi
340 1623 423 1655 hunc
447 1624 659 1663 praeveniatis

246 1670 347 1701 Donis
374 1674 499 1702 vestrae
523 1670 675 1710 pietatis?

246 1717 270 1749 O
298 1725 353 1748 vos
379 1719 444 1749 tres
469 1717 655 1749 nominativi

246 1763 323 1803 Viri,
353 1764 458 1796 laudis
482 1764 613 1804 genitivi

244 1810 352 1842 Bonae
377 1811 508 1851 speique
534 1811 643 1850 dativi,

247 1857 385 1889 Herodis
411 1858 593 1898 accusativi,

243 1905 297 1937 Ad
321 1905 453 1937 salutem
480 1905 618 1938 vocativi

243 1952 287 1984 Et
313 1952 429 1985 erroris
455 1953 597 1993 ablativi,

246 1999 456 2041 Congaudete,
480 2009 571 2041 quem
590 2000 767 2044 quaesistis,

243 2047 337 2079 Hunc
362 2045 471 2080 felices
495 2048 673 2079 invenistis.

243 2095 267 2127 O
294 2103 384 2134 quam
411 2094 489 2127 felix
514 2095 608 2126 stella
632 2095 723 2135 luxit,

243 2142 328 2181 Quae
358 2142 398 2174 ad
427 2143 590 2176 Christum
616 2151 671 2174 vos
696 2150 767 2181 per-

545 2190 643 2229 duxit,

239 2238 336 2277 Quem
362 2246 417 2270 vos
443 2238 600 2270 adorastis
625 2237 717 2278 proni

238 2285 282 2317 Et
308 2288 342 2316 ut
368 2293 459 2327 reges
485 2286 576 2326 largi,
605 2285 679 2317 boni

241 2332 408 2366 Obtulistis
434 2342 484 2365 res
510 2333 643 2374 regales,

239 2380 449 2420 Mysticorum
474 2380 633 2422 figurales,

199 2439 233 2462 Bl
238 2446 254 2461 u
260 2445 282 2462 m
289 2444 302 2461 0
307 2455 313 2466 ,
329 2437 373 2461 Pia
386 2438 529 2463 Dietmnina..

845 1250 887 1281 25

842 1485 897 1516 30.

840 1720 894 1752 35.

839 2003 894 2034 40.

837 2239 892 2272 45.

893 1273 899 1280 .
925 1248 1007 1280 Fide
1030 1248 1125 1287 plene
1149 1250 1365 1287 agnoscentes,

930 1295 1048 1326 Vestris
1073 1294 1164 1326 bonis
1189 1293 1374 1334 profitentes

924 1343 1086 1375 Summum
1097 1350 1213 1382 regem,
1224 1350 1331 1373 verum
1344 1340 1448 1373 Deum

923 1389 968 1420 Et
990 1389 1155 1420 mortalem
1182 1396 1251 1419 esse
1276 1396 1356 1418 eum.

924 1437 949 1469 Ο
975 1444 1068 1475 quam
1094 1436 1220 1476 dignum
1240 1437 1272 1465 et
1290 1434 1448 1474 decorum,

923 1483 1002 1515 Tres
1026 1491 1115 1522 reges
1140 1482 1237 1513 trium
1261 1490 1429 1521 regnorum

923 1529 1040 1562 Tribus
1066 1529 1157 1561 donis
1184 1537 1254 1560 cum
1278 1527 1392 1568 figuris

923 1577 1085 1616 Quaerunt
1116 1576 1234 1607 trinum
1257 1576 1290 1606 in
1314 1575 1446 1616 naturis,

920 1624 973 1656 Ex
997 1623 1112 1663 anima,
1140 1632 1234 1655 carne
1258 1631 1335 1654 vera

921 1671 1113 1710 Deitateque
1136 1671 1262 1702 sincera

921 1716 1092 1750 Inconfuse
1113 1718 1346 1759 subsistentem,

920 1765 1051 1797 Trinam
1075 1765 1254 1797 machinam
1276 1766 1446 1803 regentem.

923 1813 973 1845 Pii
997 1820 1097 1852 reges,
1126 1821 1177 1844 me
1200 1813 1317 1850 iuvate,

923 1861 1022 1892 Prece
1047 1862 1155 1891 vestra
1176 1860 1355 1901 impetrate,

920 1907 966 1940 Ut
989 1907 1140 1938 ardenter
1166 1906 1324 1939 Christum
1353 1914 1446 1945 quae-

1223 1961 1292 1984 ram

920 2001 963 2033 Et
992 2001 1155 2033 inventum
1179 2008 1305 2039 semper
1329 2008 1446 2039 geram,

922 2048 971 2080 Ne
982 2048 1065 2080 hunc
1073 2048 1206 2087 perdam
1217 2048 1289 2087 plus
1300 2047 1446 2087 maligne,

921 2095 984 2127 Sed
1011 2094 1125 2127 offerre
1148 2095 1268 2135 possim
1295 2095 1398 2135 digne.

921 2144 1042 2175 Aurum
1068 2143 1115 2174 sic
1137 2143 1327 2182 dilectionis,

921 2191 1024 2222 Purae
1047 2190 1120 2222 thus
1146 2190 1309 2227 orationis,

919 2239 1063 2271 Murram
1087 2238 1321 2277 macerationis,

918 2286 965 2319 Ut
989 2286 1038 2317 his
1063 2287 1213 2326 pretiosis
1240 2286 1331 2317 donis

918 2334 1027 2374 ipsum
1053 2334 1138 2366 omni
1164 2334 1215 2365 die
1239 2333 1373 2376 placem,

919 2381 969 2413 Ne
994 2381 1137 2414 amittam
1162 2390 1270 2413 veram
1294 2389 1415 2421 pacem.

1242 2435 1277 2465 12
