1655 2573
718 186 749 191 .-
799 166 843 201 22
892 185 936 190 ..-

656 258 698 290 10.
732 258 840 289 Oratio
861 256 980 293 Quinta.

192 321 222 352 1.
249 322 327 359 Ave,
354 320 436 359 Iesu,
462 322 626 360 reparator
858 319 889 350 3.
914 319 992 359 Ave,
1020 316 1101 358 Iesu,
1129 316 1209 348 caeli
1233 318 1346 357 rector,

246 367 349 399 Huius
371 367 482 399 mundi
506 370 535 398 et
560 366 708 408 salvator,
915 363 997 396 Mihi
1024 371 1149 402 semper
1174 363 1217 395 sis
1241 365 1414 402 protector,

246 413 375 446 Gratiae
398 417 432 445 tu
457 413 544 445 stilla
567 412 685 444 fontem
917 410 990 442 Tibi
1016 409 1056 442 do
1083 410 1213 442 devotas
1237 410 1359 449 laudes,

246 460 348 500 Super
370 469 420 492 me
445 462 476 491 et
500 459 552 491 fao
574 460 739 491 insontem.
915 456 1031 490 Procul
1054 457 1140 497 pelle
1163 457 1263 488 hostis
1289 455 1429 490 fraudes,

188 518 220 548 2.
246 518 325 556 Ave,
351 516 433 555 Iesu,
460 515 542 547 vitae
567 513 697 557 fructus,
858 515 888 546 4.
912 514 992 552 Ave,
1023 513 1106 553 Iesu,
1134 513 1246 545 ductor
1268 521 1366 555 meus,

245 564 450 595 Peccatorum
474 561 564 593 aufer
586 559 710 600 fluctus,
918 562 1018 593 Verus
1043 561 1143 599 homo,
1168 568 1261 592 verus
1285 559 1383 600 Deus,

245 610 312 641 Mel
337 609 451 640 amoris
478 608 518 640 da
540 611 676 647 gustare,
917 607 964 638 Te
989 607 1030 638 da
1053 606 1129 637 mihi
1154 606 1205 638 hio
1229 615 1336 638 amare

245 656 305 688 Cor
328 656 361 686 in
385 659 418 686 te
441 654 492 686 fac
515 655 682 693 respirare.
914 654 958 685 Et
980 654 1013 684 111
1036 654 1121 685 caelo
1151 662 1348 693 corregnare.

582 711 714 742 Praesta
737 710 805 751 1100,
832 712 960 741 aeterne
981 709 1078 748 Deus,

581 757 629 788 Tu
653 758 705 797 qui
731 765 763 787 es
791 756 972 797 redemptor
995 764 1093 789 1110115.

174 860 420 900 Sequuntur
451 862 607 899 septem
636 857 854 890 orationes
879 858 924 889 ad
949 857 1150 897 spiritum
1175 861 1364 889 sanctum
1390 868 1464 897 pro

232 906 497 946 acquirenda
521 904 627 943 fide,
654 913 727 944 spe
751 908 789 936 et
815 905 999 935 caritate
1023 913 1096 935 nec
1122 901 1223 947 [non]
1251 905 1407 936 ceteris

676 959 953 982 necessariis.

662 1031 699 1062 11.
728 1030 832 1063 oratio
851 1030 968 1062 Prima.

191 1092 224 1124 1.
251 1093 330 1130 Ave,
356 1094 390 1123 tu
416 1092 497 1123 alme
520 1092 661 1131 spiritus,
862 1092 893 1124 3.
918 1093 997 1130 Ave,
1027 1100 1181 1122 summum
1205 1092 1266 1124 Dei
1292 1093 1416 1131 donum,

247 1138 351 1170 Corda
375 1136 475 1177 perfla
501 1138 649 1170 divinitus
921 1139 951 1169 A
978 1139 1011 1168 te
1036 1138 1155 1170 cunctis
1180 1139 1268 1170 venit
1290 1139 1417 1183 bonum,

242 1185 294 1216 Ad
320 1187 450 1223 peccata
475 1185 697 1216 conterendum
918 1184 982 1216 Nos
1008 1182 1145 1216 fecunda
1167 1185 1256 1225 aquis
1281 1186 1361 1218 vivis

244 1232 348 1269 Atque
372 1239 451 1270 pure
476 1230 695 1263 confitendum.
918 1231 962 1263 Et
985 1230 1137 1262 virtutum
1161 1232 1222 1263 tuis
1248 1232 1334 1267 rivis.

186 1289 218 1319 2.
245 1290 325 1327 Ave,
354 1296 462 1319 verum
486 1287 600 1318 mentis
623 1287 741 1323 lumen,
860 1289 892 1319 4.
917 1288 996 1329 Ave,
1023 1288 1108 1319 mitis
1133 1289 1230 1320 ardor
1253 1290 1368 1330 cordis,

247 1333 376 1365 Gratiae
399 1332 531 1365 infunde
553 1332 676 1373 flumen,
919 1333 1029 1365 Sentes
1053 1344 1072 1365 a
1095 1343 1146 1365 me
1170 1335 1254 1374 pelle
1278 1336 1391 1375 sordiS,

247 1383 333 1417 Quae
357 1389 414 1411 nos
436 1378 541 1411 firmet
564 1378 628 1410 fide
655 1383 751 1416 reeta,
921 1381 1051 1412 Praesta
1074 1389 1162 1420 spem
1187 1382 1366 1414 securitatis

248 1426 397 1464 Caritate,
423 1434 481 1465 spe
503 1424 653 1465 perfecta.
920 1426 1033 1458 Sedem
1057 1429 1087 1458 et
1112 1426 1283 1460 felicitatis.

186 1874 206 1904 [Ο

578 1482 785 1521 Omnipotens
810 1491 828 1513 o
854 1482 936 1513 alme
959 1482 1056 1525 Deus,

578 1527 637 1569 Da,
672 1529 756 1568 quod
780 1531 854 1569 peto
879 1537 899 1560 a
920 1531 954 1560 te
976 1536 1058 1562 10115.

645 1618 688 1648 12.
721 1617 824 1649 Oratio
845 1617 991 1649 Secunda.

211 1700 219 1708 .
245 1678 325 1715 Ave,
355 1680 587 1708 sacrosanctum
611 1675 734 1712 flamen.
859 1679 890 1712 3.
916 1679 994 1721 Ave,
1026 1682 1133 1711 sancte
1159 1681 1346 1724 consolator,

244 1723 401 1755 Tristibus
426 1724 469 1754 sis
496 1724 702 1764 consolamem
919 1725 1053 1758 Animae
1076 1726 1263 1766 vivificator,

246 1770 383 1810 Spiritus
407 1779 439 1801 es
466 1771 605 1802 caritatis
917 1772 1016 1804 Serva
1039 1782 1095 1805 nos
1120 1773 1159 1806 ab
1184 1775 1316 1808 illusore

243 1816 345 1848 Mirae
371 1820 403 1848 et
426 1818 600 1849 suavitatis.
916 1819 1084 1852 Caecitatis
1110 1828 1147 1852 ac
1168 1826 1310 1861 stupore.

210 1897 217 1904 .
245 1874 322 1910 Ave,
352 1873 440 1906 vivus
464 1871 535 1905 fons
557 1882 717 1913 aquarum,
859 1877 890 1907 4.
916 1876 995 1917 Ave,
1022 1875 1100 1908 felix
1123 1875 1321 1922 fecundator‚

243 1919 334 1950 Educ
359 1918 477 1951 fontem
500 1921 701 1952 lacrimarum
916 1923 1089 1955 Aridorum
1113 1924 1274 1968 irrigator,

242 1966 291 1997 De
315 1974 464 1998 aerumna
489 1967 684 2000 condolendo
917 1969 1000 2010 Riga
1021 1980 1079 2002 nos
1104 1970 1137 2002 in
1160 1973 1280 2004 cunctis
1306 1975 1408 2017 bonis,

248 2012 287 2044 Et
315 2013 354 2044 ad
380 2013 480 2045 Deum
506 2014 692 2048 anhelando.
914 2016 990 2048 Dita
1015 2027 1071 2049 nos
1096 2026 1166 2051 011111
1191 2020 1254 2051 11115
1280 2022 1381 2054 donis.

581 2071 786 2110 Omnipotens
811 2081 828 2103 o
854 2072 935 2105 alme
959 2073 1054 2111 Deus,

575 2117 635 2158 Da,
662 2117 746 2157 quod
770 2120 844 2158 peto
867 2128 886 2151 a
910 2122 942 2151 te
966 2128 1049 2154 reus,

656 2206 697 2237 13.
733 2206 839 2239 Oratio
859 2207 975 2239 Tertia.

214 2288 221 2296 .
247 2265 328 2304 Ave,
354 2265 483 2304 spiritus
508 2266 695 2306 sanctitatis,
860 2271 892 2301 2.
917 2271 988 2302 Ave
1013 2280 1106 2311 1111110,
1131 2274 1324 2317 consiliator,

242 2312 292 2343 Sis
319 2311 457 2343 director
481 2313 650 2346 voluntatis
918 2317 997 2349 Veni
1024 2317 1102 2350 felix
1124 2325 1303 2366 renovator,

243 2359 328 2398 Opus
355 2360 467 2392 bonum
493 2360 670 2393 inchoando
918 2363 1053 2396 Frontes
1077 2369 1201 2400 nostras
1224 2372 1258 2401 tu
1284 2372 1445 2417 consigna,

241 2405 283 2438 Et
309 2405 401 2438 beate
427 2408 679 2442 consummando.
919 2410 1006 2443 Nece
1030 2421 1123 2445 serva
1147 2424 1165 2447 a
1190 2416 1338 2459 maligna.
