1655 2573
491 212 521 244 3.
549 211 660 246 Gaude
685 215 717 244 te
740 212 837 252 signis
862 211 991 245 fulsisse

548 258 731 301 spirituque
755 259 907 292 ciaruisse

594 306 719 339 Pariter
741 306 937 348 prophetico,

550 352 661 387 Gaude
686 356 718 386 te
743 363 813 386 cum
836 353 1013 394 Augustino

547 400 676 434 Laetari
700 410 797 442 regno
824 400 939 442 divino,

595 449 692 488 Quem
718 448 843 481 Christo
868 456 1031 488 genueras.

214 510 293 539 Orat.
313 520 365 539 ms.
381 512 570 542 Trudonense
589 521 665 541 saec.
688 511 729 541 16.
750 513 790 540 in.
824 512 893 541 God.
907 512 1045 541 Leodien.
1066 510 1129 540 395.
1144 526 1182 530 —
1198 511 1222 547 1,
1239 510 1253 539 1
1269 521 1284 539 ο
1303 511 1384 541 fehlt.
1426 526 1435 530 -

140 544 164 580 1,
186 545 205 574 4
225 547 334 583 Gaude,
357 550 434 586 quod
453 558 513 586 per.

577 649 637 681 174.
670 650 714 681 De
734 651 843 682 sancta
863 649 992 682 Anania.

152 717 182 749 1.
209 717 330 757 Gaude,
355 718 435 751 felix
461 719 597 759 Α1131113,
827 723 859 754 3.
886 720 1010 758 Gaude,
1035 728 1127 752 serve
1151 719 1211 751 Dei
1238 728 1322 759 care,

208 765 262 797 Ad
285 774 375 805 quem
401 775 461 798 vox
487 765 571 799 facta
597 769 645 799 est
668 767 738 799 dia:
883 767 964 799 Nam
988 768 1077 799 illum
1103 767 1283 799 illuminare

208 811 318 854 Surge,
344 813 437 855 vade,
463 823 580 855 quaere
603 814 743 855 saulum,
884 814 926 846 Et
951 814 993 846 ad
1015 814 1111 846 fidem
1134 813 1308 845 informare

207 860 267 898 Qui
290 860 459 892 mutandus
486 864 533 892 est
553 862 586 892 in
611 861 757 894 Paulum.
882 861 943 893 Est
967 869 1149 893 concessum
1175 861 1314 894 caelitus.

148 915 180 947 2.
208 915 330 957 Gaude,
358 916 512 958 discipule
537 917 668 960 Christi,
825 921 856 952 4.
883 917 1004 958 Gaude,
1032 919 1115 957 quod
1141 920 1172 948 et
1197 917 1351 956 emigrare

207 962 288 994 Esse
312 965 417 995 tantus
440 964 591 1006 meruisti,
879 964 991 1004 Datur,
1019 965 1122 996 caelos
1146 967 1323 1004 penetrare,

206 1008 321 1041 Manus
346 1011 431 1050 quod
454 1010 633 1051 imposuisti
883 1012 1103 1053 Triumphare,
1128 1011 1263 1043 iubilare

208 1055 313 1096 Saulo,
339 1065 431 1096 quem
455 1058 656 1096 pertimuisti.
881 1058 926 1090 Et
950 1058 982 1090 in
1008 1068 1119 1090 aevum
1144 1067 1342 1099 corregnare,

488 1115 519 1147 5.
547 1115 611 1147 Ora
635 1123 719 1147 nunc
744 1115 902 1148 Christum
926 1115 1105 1157 Dominum,

546 1162 592 1195 Ut
616 1161 696 1193 caeli
721 1171 848 1203 carpam
872 1162 1015 1195 bravium

546 1209 625 1240 Post
646 1209 738 1240 huius
763 1209 848 1241 vitae
870 1210 1046 1242 terminum.

213 1271 292 1299 Orat.
313 1280 365 1299 ms.
386 1272 574 1301 deonense
593 1281 668 1301 saec.
689 1271 732 1301 16.
752 1275 791 1301 in.
833 1274 901 1302 Cod.
920 1274 1059 1302 Leodien.
1080 1271 1144 1301 395.
1221 1271 1247 1307 3,
1269 1270 1287 1298 2
1307 1273 1381 1300 Nam
1403 1274 1432 1299 et

134 1308 216 1336 illum
241 1309 424 1343 illuminare,
452 1311 610 1346 baptizare.
636 1326 673 1330 —
698 1309 723 1343 3,
745 1310 765 1339 4
782 1311 838 1339 Est
863 1312 917 1339 tibi
943 1320 1119 1339 eoncessum.
1144 1326 1180 1331 ·—
1201 1309 1228 1344 4,
1251 1308 1268 1336 2
1287 1310 1383 1337 Datur
1403 1312 1433 1336 ct

132 1345 189 1373 hoc
208 1346 256 1373 die
275 1350 441 1383 penetrare3
462 1348 557 1376 caelos
578 1348 658 1376 fehlt.

588 1449 648 1480 175.
677 1449 721 1480 De
741 1450 850 1481 sancta
873 1450 970 1481 Anna.

146 1517 176 1549 1.
204 1516 325 1557 Gaude,
353 1520 454 1550 mater
477 1520 588 1551 matris
614 1519 741 1560 Christi,
823 1522 852 1552 2.
882 1519 1002 1560 Gaude,
1030 1520 1102 1560 quia
1127 1523 1182 1552 tua
1205 1521 1280 1552 11313

200 1564 287 1603 Quae
310 1574 369 1605 per
393 1574 499 1598 aurem
526 1567 714 1607 adplausisti
878 1568 916 1600 In
940 1571 973 1599 te
998 1568 1115 1609 clausa,
1139 1568 1197 1599 sed
1219 1567 1370 1599 mundata

249 1611 311 1643 Dei
333 1612 435 1652 patn's
460 1614 580 1654 nuntio,
926 1615 1113 1647 Parentelae
1138 1614 1226 1655 vitio,

202 1658 324 1699 Gaude,
350 1658 424 1699 quia
449 1661 631 1702 concepisti,
880 1661 1002 1702 Gaude,
1027 1662 1101 1702 quia
1125 1670 1180 1695 vas
1205 1661 1332 1695 virtutis

201 1704 324 1738 Sterilis
357 1716 437 1747 quae
462 1717 531 1741 cum
556 1707 654 1749 fuisti,
877 1709 1098 1751 Peperistique
1121 1709 1232 1742 salutis

248 1753 386 1785 Ioachim
413 1755 566 1795 coniugio.
926 1756 1089 1790 Castitatis
1114 1756 1193 1789 lilio.

482 1811 511 1845 3.
539 1812 659 1855 Gaude,
687 1814 760 1852 quia
784 1814 908 1846 stellam
933 1814 1043 1846 mundi

538 1861 645 1899 Atque
669 1860 779 1893 cellam
805 1862 889 1902 regis
914 1862 1028 1893 summi

585 1906 729 1940 Lactasti
753 1917 822 1941 cum
847 1909 972 1950 gaudio,

539 1955 601 1987 Per
625 1964 720 1995 quem
743 1956 815 1988 luce
836 1956 943 1989 vuitus
964 1956 1011 1987 tui

538 2001 638 2035 Nobis
665 2003 757 2035 detur
780 2012 906 2046 semper
929 2003 993 2036 frui

584 2050 623 2083 In
647 2051 781 2091 perenni
804 2051 930 2092 gaudio.

203 2114 282 2142 Orat.
302 2122 355 2142 ms.
368 2114 504 2143 Italicum
518 2124 593 2144 saec.
610 2114 653 2143 15.
688 2114 755 2143 Ood.
771 2116 933 2144 Londinen.
947 2116 1021 2145 Add.
1038 2113 1141 2146 10826.
1156 2130 1192 2136 ——
1207 2114 1233 2151 2,
1247 2113 1267 2144 4
1279 2124 1332 2143 vas
1345 2115 1426 2143 fehlt.

588 2217 647 2250 176.
681 2218 724 2250 De
744 2220 855 2260 sancta
873 2219 971 2251 Anna.

140 2288 170 2320 1.
198 2287 319 2328 Gaude,
350 2286 428 2320 felix
453 2298 471 2320 0
494 2291 649 2332 matrona,
875 2289 996 2330 Gaude,
1024 2291 1107 2331 quod
1133 2299 1165 2323 es
1190 2293 1293 2322 mater
1317 2289 1400 2321 bona

195 2336 294 2375 Quam
318 2338 493 2376 perornant
513 2337 595 2369 mira
617 2337 710 2380 dona,
874 2338 990 2371 Matris
1016 2338 1147 2381 Christi,
1174 2337 1214 2369 de
1239 2346 1356 2369 corona

243 2383 455 2424 Anna„regis
480 2384 610 2425 gloriae,
921 2386 1007 2418 Nata
1031 2386 1140 2427 stirpis
1165 2385 1282 2425 regiae.
