1655 2573
658 98 891 138 ⁶.-¹?3-„

159 224 165 231 .
192 195 312 230 Summi
340 197 520 233 diademate

236 245 367 279 radians
393 247 524 286 decoris,

192 293 269 325 Veri
293 302 351 325 nos
375 293 501 327 irradia

239 339 357 372 lumine
380 341 573 382 splendoris,

190 386 237 418 Ut
257 387 385 427 paterni
408 389 526 429 iugiter

240 443 394 467 memores
420 437 534 468 amoris

191 481 325 513 Aeterni
348 482 522 523 participes

237 526 338 560 facias
362 529 501 562 honoris.

158 629 166 637 .
193 604 229 636 In
256 605 288 635 te
312 604 446 642 primurn
471 603 666 636 transferens

237 651 326 690 regni
353 651 418 682 dati
442 650 522 692 iura,

190 695 301 728 Carnis
326 700 428 728 motus
452 698 541 737 regia

240 743 418 783 comprimis
445 752 586 785 censura,

194 789 239 821 Ut
264 791 421 823 caelorum
446 790 583 831 principi

241 836 366 869 Christo
391 838 548 877 placitura

193 883 242 916 Sit
266 885 384 916 terreni
409 884 562 924 principis

237 939 325 962 mens
353 934 385 962 et
409 940 482 963 caro
508 941 598 971 pura.

156 1029 163 1038 .
190 1007 366 1038 Iuventutis
392 1006 528 1039 Domino

237 1061 424 1085 consecrans
451 1054 594 1085 decorem

188 1099 343 1131 Fructum
371 1100 572 1133 innocentiae

234 1145 361 1186 profers
390 1148 568 1188 gratiorem,

187 1193 272 1225 Dum
297 1197 481 1234 conceptum
507 1195 634 1234 pariens

241 1240 358 1273 femina
382 1240 519 1274 furorem

191 1288 395 1319 Immaturum
421 1289 548 1327 perimit

239 1334 324 1367 orbis
348 1336 449 1367 nostri
478 1335 595 1369 {iorem¹

152 1434 160 1442 .
186 1410 340 1442 Innocens
368 1410 501 1442 insidias

234 1466 345 1496 passus
371 1458 553 1490 novercales

188 1504 313 1536 Palmas
338 1504 537 1536 innocentiae

231 1549 374 1590 praefers
399 1552 617 1592 triumphales,

184 1597 354 1631 Celebrant
375 1598 522 1631 excubias

230 1646 335 1686 angeli
359 1647 493 1687 regales,

182 1692 373 1725 Reserantes
398 1694 538 1734 principi

231 1743 340 1780 portas
365 1742 552 1773 aeternales.

147 1842 154 1849 .
183 1817 295 1849 Vultus
320 1816 380 1850 Dei
405 1816 573 1857 perfruens

228 1864 300 1897 luce
323 1864 526 1905 sempiterna,

181 1912 301 1945 Nostra
325 1921 436 1953 regens
463 1921 605 1955 corpora,

225 1959 331 2001 corda,
359 1968 426 2001 rex,
452 1960 602 2002 guberna,

181 2007 226 2039 Ut
251 2006 356 2040 cordis
383 2010 415 2039 et
440 2009 581 2048 corporis

228 2054 356 2087 claritas
381 2055 508 2088 interna

180 2102 320 2136 Caritate
344 2103 512 2143 splendeat

224 2158 365 2191 paceque
389 2160 536 2190 superna.

144 2252 151 2261 ,
178 2226 204 2260 Ο
229 2224 308 2259 feris
333 2225 472 2259 ferocior

224 2274 315 2307 furor
337 2275 489 2315 mulieris,

177 2322 261 2364 Ipsis
284 2322 367 2356 iram
391 2322 505 2355 belluis

225 2370 386 2403 duriorem
410 2371 504 2415 geris,

812 1221 867 1253 10.

806 1625 860 1659 11.

805 2035 859 2067 12.

893 199 961 231 Nec
983 199 1046 232 Dei
1069 209 1129 232 nec
1150 198 1287 231 hominis

938 247 1061 280 vultum
1091 246 1257 286 revereris,

892 293 985 333 Dum,
1013 294 1096 334 quod
1119 295 1169 326 ira
1193 294 1345 336 suggerit,

939 344 1044 373 ratum
1068 341 1138 373 fore
1166 341 1301 381 quaeris

893 415 976 448 Dum
1000 417 1102 448 scelus
1130 416 1306 448 dissimulat

940 464 1053 496 sedens
1079 464 1168 502 quasi
1201 466 1279 504 tuta,

893 510 1012 549 Culpae
1034 511 1136 542 scelus
1163 510 1278 542 exserit

940 557 1018 589 ultio
1044 561 1162 597 secuta,

895 602 1015 635 Poenas
1039 604 1100 636 luit
1124 613 1259 644 propere

940 650 1059 681 scelere
1085 651 1215 690 polluta,

893 695 1060 728 Oculorum
1084 697 1188 729 subito

937 743 1008 775 luce
1034 743 1193 777 destituta,

859 842 867 850 .
893 818 956 860 Sic,
982 818 1028 849 sic
1052 827 1148 859 agens
1172 818 1273 851 libere

938 864 1025 896 Deus
1050 865 1212 904 ultionum,

892 912 954 943 Per
978 912 1062 943 hunc
1085 912 1342 952 benignissimum

939 959 1123 998 dulcemque
1146 961 1316 1001 patronum

890 1004 1055 1046 Suspende
1079 1006 1265 1038 sententiam

936 1051 1155 1094 vindicemque
1178 1062 1302 1092 sonum,

889 1099 1014 1131 Devota
1034 1101 1221 1139 praeveniat

937 1155 997 1178 vox
1033 1147 1273 1182 confessionum.

893 1222 941 1253 Tu
965 1221 1071 1254 lumen
1097 1222 1137 1255 de
1160 1222 1288 1261 lumine,

936 1271 970 1300 tu
995 1271 1051 1301 lux
1074 1278 1167 1301 verae
1191 1271 1281 1308 lucis,

890 1315 947 1354 Qui
974 1319 1043 1348 tuos
1069 1325 1127 1355 per
1152 1324 1290 1349 eremum

936 1362 978 1394 ad
1004 1364 1159 1403 promissa
1184 1364 1284 1403 ducis,

887 1409 1005 1441 Mentis
1030 1419 1132 1452 purga
1155 1410 1302 1442 tenebras

934 1456 1042 1488 levans
1069 1466 1088 1488 a
1114 1457 1253 1497 caducis,

887 1503 1065 1535 Praeeunte
1088 1504 1204 1544 iugiter

934 1560 991 1583 nos
1017 1552 1161 1584 columna
1183 1553 1296 1587 crucis,

885 1626 933 1658 Tu
957 1626 1022 1659 vita
1046 1627 1235 1660 subveniens

935 1678 1035 1706 morte
1063 1675 1220 1716 resolutis,

887 1721 969 1753 Vitis
994 1731 1069 1754 vere
1097 1723 1276 1763 germinans

932 1770 1081 1809 poculum
1105 1770 1228 1810 salutis,

887 1816 934 1848 Tu
959 1817 1098 1849 solamen
1124 1818 1275 1858 cordium,

932 1873 1073 1897 summae
1097 1874 1185 1906 spem
1212 1865 1337 1898 virtutis

887 1911 1086 1945 Consolando
1110 1921 1242 1953 reparas

932 1962 1037 1992 mente
1064 1961 1225 1993 desolutis.

886 2034 948 2067 Per
972 2036 1231 2075 omnipotentiam

929 2082 1028 2125 illam,
1054 2092 1113 2115 rex
1135 2084 1299 2124 virtutum,

883 2129 952 2169 Qua
974 2130 1008 2163 in
1032 2129 1136 2162 'Deum
1159 2131 1294 2171 suscipis

932 2178 1037 2210 carnis
1060 2181 1190 2211 nostrae
1213 2180 1322 2223 lutum,

883 2224 998 2258 Carnis
1020 2226 1155 2259 miscens
1179 2227 1305 2267 pulveri

930 2274 1058 2306 deitatis
1082 2277 1219 2314 sputum,

881 2320 951 2354 Tua
976 2320 1112 2354 clemens
1134 2322 1260 2362 respice

929 2369 1002 2401 luce
1027 2369 1221 2403 destitutum.
