<?xml version="1.0" encoding="UTF-8"?>
<!DOCTYPE html PUBLIC "-//W3C//DTD XHTML 1.0 Transitional//EN"
    "http://www.w3.org/TR/xhtml1/DTD/xhtml1-transitional.dtd">
<html xmlns="http://www.w3.org/1999/xhtml" xml:lang="en" lang="en">
 <head>
  <title>
</title>
<meta http-equiv="Content-Type" content="text/html;charset=utf-8" />
  <meta name='ocr-system' content='tesseract 3.04.00' />
  <meta name='ocr-capabilities' content='ocr_page ocr_carea ocr_par ocr_line ocrx_word'/>
</head>
<body>
  <div class='ocr_page' id='page_1' title='image "./analectahymnica29drevuoft_00194.png"; bbox 0 0 1655 2573; ppageno 0'>
   <div class='ocr_carea' id='block_1_1' title="bbox 681 129 938 165">
    <p class='ocr_par' dir='ltr' id='par_1_1' title="bbox 681 129 938 165">
     <span class='ocr_line' id='line_1_1' title="bbox 681 129 938 165; baseline -0.004 0"><span class='ocrx_word' id='word_1_1' title='bbox 681 129 938 165; x_wconf 89' lang='lat'>—191—</span> 
     </span>
    </p>
   </div>
   <div class='ocr_carea' id='block_1_2' title="bbox 195 218 751 304">
    <p class='ocr_par' dir='ltr' id='par_1_2' title="bbox 195 218 751 304">
     <span class='ocr_line' id='line_1_2' title="bbox 195 218 751 266; baseline 0.005 -12"><span class='ocrx_word' id='word_1_2' title='bbox 195 246 202 254; x_wconf 94' lang='lat'><strong><em>.</em></strong></span> <span class='ocrx_word' id='word_1_3' title='bbox 228 218 380 255; x_wconf 80' lang='lat' dir='ltr'>Lochitus</span> <span class='ocrx_word' id='word_1_4' title='bbox 407 224 534 263; x_wconf 87' lang='lat' dir='ltr'>quidem</span> <span class='ocrx_word' id='word_1_5' title='bbox 557 224 751 266; x_wconf 87' lang='lat' dir='ltr'>Sareptenac</span> 
     </span>
     <span class='ocr_line' id='line_1_3' title="bbox 278 268 656 304; baseline 0.011 -4"><span class='ocrx_word' id='word_1_6' title='bbox 278 268 354 301; x_wconf 83' lang='lat' dir='ltr'>Cum</span> <span class='ocrx_word' id='word_1_7' title='bbox 381 268 504 302; x_wconf 84' lang='lat' dir='ltr'>farinae</span> <span class='ocrx_word' id='word_1_8' title='bbox 528 272 656 304; x_wconf 79' lang='lat' dir='ltr'>vasculo</span> 
     </span>
    </p>
   </div>
   <div class='ocr_carea' id='block_1_3' title="bbox 231 316 779 351">
    <p class='ocr_par' dir='ltr' id='par_1_3' title="bbox 231 316 779 351">
     <span class='ocr_line' id='line_1_4' title="bbox 231 316 779 351; baseline 0.007 -4"><span class='ocrx_word' id='word_1_9' title='bbox 231 316 322 347; x_wconf 84' lang='lat' dir='ltr'>Haec</span> <span class='ocrx_word' id='word_1_10' title='bbox 355 318 404 347; x_wconf 85' lang='lat' dir='ltr'>est</span> <span class='ocrx_word' id='word_1_11' title='bbox 427 316 521 349; x_wconf 91' lang='lat' dir='ltr'>fidem</span> <span class='ocrx_word' id='word_1_12' title='bbox 548 327 678 351; x_wconf 81' lang='lat' dir='ltr'>servans</span> <span class='ocrx_word' id='word_1_13' title='bbox 699 319 779 351; x_wconf 87' lang='lat' dir='ltr'>bene</span> 
     </span>
    </p>
   </div>
   <div class='ocr_carea' id='block_1_4' title="bbox 226 363 744 585">
    <p class='ocr_par' dir='ltr' id='par_1_4' title="bbox 226 363 744 545">
     <span class='ocr_line' id='line_1_5' title="bbox 273 363 703 406; baseline 0.009 -13"><span class='ocrx_word' id='word_1_14' title='bbox 273 363 390 401; x_wconf 84' lang='lat' dir='ltr'>Mater,</span> <span class='ocrx_word' id='word_1_15' title='bbox 418 373 528 396; x_wconf 88' lang='lat' dir='ltr'>carens</span> <span class='ocrx_word' id='word_1_16' title='bbox 552 366 703 406; x_wconf 89' lang='lat' dir='ltr'>masculo,</span> 
     </span>
     <span class='ocr_line' id='line_1_6' title="bbox 229 409 720 452; baseline 0.008 -12"><span class='ocrx_word' id='word_1_17' title='bbox 229 409 300 441; x_wconf 87' lang='lat' dir='ltr'>Non</span> <span class='ocrx_word' id='word_1_18' title='bbox 325 413 451 443; x_wconf 83' lang='lat' dir='ltr'>seratur</span> <span class='ocrx_word' id='word_1_19' title='bbox 477 421 532 444; x_wconf 87' lang='lat' dir='ltr'>vas</span> <span class='ocrx_word' id='word_1_20' title='bbox 551 416 720 452; x_wconf 85' lang='lat' dir='ltr'>utrumque</span> 
     </span>
     <span class='ocr_line' id='line_1_7' title="bbox 280 457 694 499; baseline 0.002 -9"><span class='ocrx_word' id='word_1_21' title='bbox 280 457 344 490; x_wconf 77' lang='lat' dir='ltr'>Sed</span> <span class='ocrx_word' id='word_1_22' title='bbox 369 459 434 489; x_wconf 82' lang='lat' dir='ltr'>stat</span> <span class='ocrx_word' id='word_1_23' title='bbox 457 459 490 490; x_wconf 93' lang='lat' dir='ltr'>in</span> <span class='ocrx_word' id='word_1_24' title='bbox 515 460 694 499; x_wconf 86' lang='lat' dir='ltr'>propatulo,</span> 
     </span>
     <span class='ocr_line' id='line_1_8' title="bbox 226 503 744 545; baseline 0.002 -9"><span class='ocrx_word' id='word_1_25' title='bbox 226 503 273 536; x_wconf 76' lang='lat' dir='ltr'>Ut</span> <span class='ocrx_word' id='word_1_26' title='bbox 296 507 446 543; x_wconf 79' lang='lat' dir='ltr'>pascatur</span> <span class='ocrx_word' id='word_1_27' title='bbox 469 506 544 537; x_wconf 89' lang='lat' dir='ltr'>hinc</span> <span class='ocrx_word' id='word_1_28' title='bbox 567 507 744 545; x_wconf 87' lang='lat' dir='ltr'>quicunque</span> 
     </span>
    </p>

    <p class='ocr_par' dir='ltr' id='par_1_5' title="bbox 278 550 615 585">
     <span class='ocr_line' id='line_1_9' title="bbox 278 550 615 585; baseline 0.006 -3"><span class='ocrx_word' id='word_1_29' title='bbox 278 550 379 583; x_wconf 86' lang='lat' dir='ltr'>Filius</span> <span class='ocrx_word' id='word_1_30' title='bbox 406 560 475 584; x_wconf 87' lang='lat' dir='ltr'>cum</span> <span class='ocrx_word' id='word_1_31' title='bbox 501 553 615 585; x_wconf 86' lang='lat' dir='ltr'>catulo.</span> 
     </span>
    </p>
   </div>
   <div class='ocr_carea' id='block_1_5' title="bbox 196 641 729 1013">
    <p class='ocr_par' dir='ltr' id='par_1_6' title="bbox 196 641 729 1013">
     <span class='ocr_line' id='line_1_10' title="bbox 196 641 729 685; baseline 0 -9"><span class='ocrx_word' id='word_1_32' title='bbox 196 669 204 676; x_wconf 89' lang='lat'><em>.</em></span> <span class='ocrx_word' id='word_1_33' title='bbox 231 641 301 678; x_wconf 86' lang='lat' dir='ltr'>Ista</span> <span class='ocrx_word' id='word_1_34' title='bbox 326 645 438 677; x_wconf 88' lang='lat' dir='ltr'>humus</span> <span class='ocrx_word' id='word_1_35' title='bbox 463 654 578 685; x_wconf 85' lang='lat' dir='ltr'>parens</span> <span class='ocrx_word' id='word_1_36' title='bbox 604 646 729 685; x_wconf 84' lang='lat' dir='ltr'>vermis,</span> 
     </span>
     <span class='ocr_line' id='line_1_11' title="bbox 276 692 729 731; baseline 0.002 -9"><span class='ocrx_word' id='word_1_37' title='bbox 276 692 343 730; x_wconf 81' lang='lat' dir='ltr'>Quo</span> <span class='ocrx_word' id='word_1_38' title='bbox 368 692 466 723; x_wconf 88' lang='lat' dir='ltr'>Ionae</span> <span class='ocrx_word' id='word_1_39' title='bbox 490 692 575 731; x_wconf 86' lang='lat' dir='ltr'>perit</span> <span class='ocrx_word' id='word_1_40' title='bbox 599 692 729 731; x_wconf 86' lang='lat' dir='ltr'>hedera,</span> 
     </span>
     <span class='ocr_line' id='line_1_12' title="bbox 226 738 682 771; baseline -0.002 -1"><span class='ocrx_word' id='word_1_41' title='bbox 226 738 327 770; x_wconf 88' lang='lat' dir='ltr'>Iudae</span> <span class='ocrx_word' id='word_1_42' title='bbox 354 738 466 770; x_wconf 88' lang='lat' dir='ltr'>dumus</span> <span class='ocrx_word' id='word_1_43' title='bbox 491 738 530 771; x_wconf 87' lang='lat' dir='ltr'>fit</span> <span class='ocrx_word' id='word_1_44' title='bbox 552 739 682 770; x_wconf 85' lang='lat' dir='ltr'>inermis</span> 
     </span>
     <span class='ocr_line' id='line_1_13' title="bbox 273 784 705 825; baseline 0.002 -9"><span class='ocrx_word' id='word_1_45' title='bbox 273 784 367 816; x_wconf 84' lang='lat' dir='ltr'>Pacis</span> <span class='ocrx_word' id='word_1_46' title='bbox 392 786 530 824; x_wconf 87' lang='lat' dir='ltr'>perdens</span> <span class='ocrx_word' id='word_1_47' title='bbox 555 784 705 825; x_wconf 82' lang='lat' dir='ltr'>foedera3</span> 
     </span>
     <span class='ocr_line' id='line_1_14' title="bbox 228 831 672 873; baseline 0.002 -10"><span class='ocrx_word' id='word_1_48' title='bbox 228 831 353 863; x_wconf 86' lang='lat' dir='ltr'>Amicta</span> <span class='ocrx_word' id='word_1_49' title='bbox 378 832 455 873; x_wconf 88' lang='lat' dir='ltr'>sole,</span> <span class='ocrx_word' id='word_1_50' title='bbox 482 834 559 864; x_wconf 90' lang='lat' dir='ltr'>luce·</span> <span class='ocrx_word' id='word_1_51' title='bbox 575 833 672 873; x_wconf 88' lang='lat' dir='ltr'>plena</span> 
     </span>
     <span class='ocr_line' id='line_1_15' title="bbox 277 879 640 919; baseline 0.003 -10"><span class='ocrx_word' id='word_1_52' title='bbox 277 879 437 919; x_wconf 80' lang='lat' dir='ltr'>Virginem</span> <span class='ocrx_word' id='word_1_53' title='bbox 464 880 640 919; x_wconf 76' lang='lat' dir='ltr'>considera,</span> 
     </span>
     <span class='ocr_line' id='line_1_16' title="bbox 229 926 715 966; baseline 0.002 -10"><span class='ocrx_word' id='word_1_54' title='bbox 229 926 328 965; x_wconf 77' lang='lat' dir='ltr'>Quam</span> <span class='ocrx_word' id='word_1_55' title='bbox 355 934 425 958; x_wconf 88' lang='lat' dir='ltr'>cum</span> <span class='ocrx_word' id='word_1_56' title='bbox 451 927 541 966; x_wconf 88' lang='lat' dir='ltr'>prole</span> <span class='ocrx_word' id='word_1_57' title='bbox 567 927 715 958; x_wconf 81' lang='lat' dir='ltr'>duodena</span> 
     </span>
     <span class='ocr_line' id='line_1_17' title="bbox 274 972 698 1013; baseline 0.005 -9"><span class='ocrx_word' id='word_1_58' title='bbox 274 972 403 1005; x_wconf 88' lang='lat' dir='ltr'>Circum</span> <span class='ocrx_word' id='word_1_59' title='bbox 429 974 559 1013; x_wconf 87' lang='lat' dir='ltr'>cingunt</span> <span class='ocrx_word' id='word_1_60' title='bbox 582 973 698 1006; x_wconf 83' lang='lat' dir='ltr'>sidera.</span> 
     </span>
    </p>
   </div>
   <div class='ocr_carea' id='block_1_6' title="bbox 193 1063 754 1340">
    <p class='ocr_par' dir='ltr' id='par_1_7' title="bbox 193 1063 738 1156">
     <span class='ocr_line' id='line_1_18' title="bbox 193 1063 539 1099; baseline -0.003 0"><span class='ocrx_word' id='word_1_61' title='bbox 193 1091 201 1099; x_wconf 90' lang='lat'><em>.</em></span> <span class='ocrx_word' id='word_1_62' title='bbox 229 1063 319 1099; x_wconf 81' lang='lat' dir='ltr'>Sicut</span> <span class='ocrx_word' id='word_1_63' title='bbox 342 1064 410 1097; x_wconf 84' lang='lat' dir='ltr'>fata</span> <span class='ocrx_word' id='word_1_64' title='bbox 434 1067 539 1098; x_wconf 82' lang='lat' dir='ltr'>Isaiae</span> 
     </span>
     <span class='ocr_line' id='line_1_19' title="bbox 275 1111 738 1156; baseline 0 -12"><span class='ocrx_word' id='word_1_65' title='bbox 275 1112 414 1153; x_wconf 88' lang='lat' dir='ltr'>Septeno</span> <span class='ocrx_word' id='word_1_66' title='bbox 440 1114 577 1153; x_wconf 79' lang='lat' dir='ltr'>gaudent</span> <span class='ocrx_word' id='word_1_67' title='bbox 602 1111 738 1156; x_wconf 86' lang='lat' dir='ltr'>flamine,</span> 
     </span>
    </p>

    <p class='ocr_par' dir='ltr' id='par_1_8' title="bbox 231 1160 744 1249">
     <span class='ocr_line' id='line_1_20' title="bbox 231 1160 744 1200; baseline -0.002 -8"><span class='ocrx_word' id='word_1_68' title='bbox 231 1160 285 1192; x_wconf 88' lang='lat' dir='ltr'>Sic</span> <span class='ocrx_word' id='word_1_69' title='bbox 308 1160 431 1199; x_wconf 81' lang='lat' dir='ltr'>lampas</span> <span class='ocrx_word' id='word_1_70' title='bbox 456 1163 548 1200; x_wconf 87' lang='lat' dir='ltr'>grata</span> <span class='ocrx_word' id='word_1_71' title='bbox 570 1160 744 1192; x_wconf 78' lang='lat' dir='ltr'>Zachariae</span> 
     </span>
     <span class='ocr_line' id='line_1_21' title="bbox 280 1205 615 1249; baseline -0.003 -10"><span class='ocrx_word' id='word_1_72' title='bbox 280 1205 465 1246; x_wconf 79' lang='lat' dir='ltr'>Septiformi</span> <span class='ocrx_word' id='word_1_73' title='bbox 488 1207 615 1249; x_wconf 84' lang='lat' dir='ltr'>lumine,</span> 
     </span>
    </p>

    <p class='ocr_par' dir='ltr' id='par_1_9' title="bbox 225 1254 754 1340">
     <span class='ocr_line' id='line_1_22' title="bbox 225 1254 754 1294; baseline 0.002 -9"><span class='ocrx_word' id='word_1_74' title='bbox 225 1255 313 1294; x_wconf 78' lang='lat' dir='ltr'>Quae</span> <span class='ocrx_word' id='word_1_75' title='bbox 337 1254 383 1285; x_wconf 91' lang='lat' dir='ltr'>sic</span> <span class='ocrx_word' id='word_1_76' title='bbox 408 1263 498 1286; x_wconf 89' lang='lat' dir='ltr'>orsus</span> <span class='ocrx_word' id='word_1_77' title='bbox 524 1257 574 1286; x_wconf 88' lang='lat' dir='ltr'>est</span> <span class='ocrx_word' id='word_1_78' title='bbox 597 1254 754 1294; x_wconf 86' lang='lat' dir='ltr'>propheta</span> 
     </span>
     <span class='ocr_line' id='line_1_23' title="bbox 273 1301 612 1340; baseline 0 -8"><span class='ocrx_word' id='word_1_79' title='bbox 273 1301 382 1339; x_wconf 77' lang='lat' dir='ltr'>Quivis</span> <span class='ocrx_word' id='word_1_80' title='bbox 408 1309 464 1333; x_wconf 84' lang='lat' dir='ltr'>suo</span> <span class='ocrx_word' id='word_1_81' title='bbox 490 1301 612 1340; x_wconf 83' lang='lat' dir='ltr'>ordine,</span> 
     </span>
    </p>
   </div>
   <div class='ocr_carea' id='block_1_7' title="bbox 224 1347 778 1389">
    <p class='ocr_par' dir='ltr' id='par_1_10' title="bbox 224 1347 778 1389">
     <span class='ocr_line' id='line_1_24' title="bbox 224 1347 778 1389; baseline 0 -9"><span class='ocrx_word' id='word_1_82' title='bbox 224 1348 327 1380; x_wconf 84' lang='lat' dir='ltr'>Credo</span> <span class='ocrx_word' id='word_1_83' title='bbox 362 1356 494 1387; x_wconf 88' lang='lat' dir='ltr'>prorsus</span> <span class='ocrx_word' id='word_1_84' title='bbox 519 1349 603 1388; x_wconf 89' lang='lat' dir='ltr'>quod</span> <span class='ocrx_word' id='word_1_85' title='bbox 627 1357 686 1389; x_wconf 89' lang='lat' dir='ltr'>pro</span> <span class='ocrx_word' id='word_1_86' title='bbox 712 1347 778 1380; x_wconf 82' lang='lat' dir='ltr'>feta</span> 
     </span>
    </p>
   </div>
   <div class='ocr_carea' id='block_1_8' title="bbox 273 1395 658 1435">
    <p class='ocr_par' dir='ltr' id='par_1_11' title="bbox 273 1395 658 1435">
     <span class='ocr_line' id='line_1_25' title="bbox 273 1395 658 1435; baseline 0.005 -9"><span class='ocrx_word' id='word_1_87' title='bbox 273 1395 345 1427; x_wconf 89' lang='lat' dir='ltr'>Sint</span> <span class='ocrx_word' id='word_1_88' title='bbox 368 1399 500 1428; x_wconf 87' lang='lat' dir='ltr'>narrata</span> <span class='ocrx_word' id='word_1_89' title='bbox 525 1396 658 1435; x_wconf 86' lang='lat' dir='ltr'>virgine.</span> 
     </span>
    </p>
   </div>
   <div class='ocr_carea' id='block_1_9' title="bbox 191 1486 722 1859">
    <p class='ocr_par' dir='ltr' id='par_1_12' title="bbox 191 1486 722 1576">
     <span class='ocr_line' id='line_1_26' title="bbox 191 1486 722 1530; baseline -0.002 -8"><span class='ocrx_word' id='word_1_90' title='bbox 191 1515 199 1522; x_wconf 93' lang='lat'><em>.</em></span> <span class='ocrx_word' id='word_1_91' title='bbox 226 1486 288 1523; x_wconf 84' lang='lat' dir='ltr'>Est</span> <span class='ocrx_word' id='word_1_92' title='bbox 310 1489 343 1520; x_wconf 93' lang='lat' dir='ltr'>in</span> <span class='ocrx_word' id='word_1_93' title='bbox 369 1491 442 1521; x_wconf 77' lang='lat' dir='ltr'>rota</span> <span class='ocrx_word' id='word_1_94' title='bbox 467 1498 523 1521; x_wconf 88' lang='lat' dir='ltr'>vas</span> <span class='ocrx_word' id='word_1_95' title='bbox 545 1488 722 1530; x_wconf 88' lang='lat' dir='ltr'>perfectum</span> 
     </span>
     <span class='ocr_line' id='line_1_27' title="bbox 271 1535 549 1576; baseline -0.007 -7"><span class='ocrx_word' id='word_1_96' title='bbox 271 1535 425 1569; x_wconf 84' lang='lat' dir='ltr'>Ieremiae</span> <span class='ocrx_word' id='word_1_97' title='bbox 449 1536 549 1576; x_wconf 84' lang='lat' dir='ltr'>figuli,</span> 
     </span>
    </p>

    <p class='ocr_par' dir='ltr' id='par_1_13' title="bbox 223 1583 703 1716">
     <span class='ocr_line' id='line_1_28' title="bbox 223 1583 702 1622; baseline -0.002 -7"><span class='ocrx_word' id='word_1_98' title='bbox 223 1584 313 1615; x_wconf 88' lang='lat' dir='ltr'>Haec</span> <span class='ocrx_word' id='word_1_99' title='bbox 339 1583 453 1615; x_wconf 86' lang='lat' dir='ltr'>devota</span> <span class='ocrx_word' id='word_1_100' title='bbox 478 1593 533 1615; x_wconf 82' lang='lat' dir='ltr'>vas</span> <span class='ocrx_word' id='word_1_101' title='bbox 559 1584 702 1622; x_wconf 88' lang='lat' dir='ltr'>electum,</span> 
     </span>
     <span class='ocr_line' id='line_1_29' title="bbox 272 1631 654 1670; baseline -0.003 -8"><span class='ocrx_word' id='word_1_102' title='bbox 272 1631 338 1669; x_wconf 80' lang='lat' dir='ltr'>Quo</span> <span class='ocrx_word' id='word_1_103' title='bbox 364 1631 504 1663; x_wconf 81' lang='lat' dir='ltr'>solamur</span> <span class='ocrx_word' id='word_1_104' title='bbox 529 1631 654 1670; x_wconf 88' lang='lat' dir='ltr'>singuli,</span> 
     </span>
     <span class='ocr_line' id='line_1_30' title="bbox 225 1678 703 1716; baseline 0 -7"><span class='ocrx_word' id='word_1_105' title='bbox 225 1678 315 1711; x_wconf 86' lang='lat' dir='ltr'>Haec</span> <span class='ocrx_word' id='word_1_106' title='bbox 343 1680 391 1709; x_wconf 81' lang='lat' dir='ltr'>est</span> <span class='ocrx_word' id='word_1_107' title='bbox 415 1678 511 1710; x_wconf 81' lang='lat' dir='ltr'>aedes</span> <span class='ocrx_word' id='word_1_108' title='bbox 537 1678 703 1716; x_wconf 84' lang='lat' dir='ltr'>Samuelis,</span> 
     </span>
    </p>

    <p class='ocr_par' dir='ltr' id='par_1_14' title="bbox 226 1724 690 1859">
     <span class='ocr_line' id='line_1_31' title="bbox 272 1724 570 1766; baseline 0 -10"><span class='ocrx_word' id='word_1_109' title='bbox 272 1724 432 1764; x_wconf 88' lang='lat' dir='ltr'>Sapientis</span> <span class='ocrx_word' id='word_1_110' title='bbox 458 1726 570 1766; x_wconf 79' lang='lat' dir='ltr'>reguli,</span> 
     </span>
     <span class='ocr_line' id='line_1_32' title="bbox 226 1771 690 1804; baseline -0.002 0"><span class='ocrx_word' id='word_1_111' title='bbox 226 1771 323 1804; x_wconf 87' lang='lat' dir='ltr'>Cuius</span> <span class='ocrx_word' id='word_1_112' title='bbox 347 1772 440 1803; x_wconf 88' lang='lat' dir='ltr'>sedes</span> <span class='ocrx_word' id='word_1_113' title='bbox 467 1775 515 1803; x_wconf 89' lang='lat' dir='ltr'>est</span> <span class='ocrx_word' id='word_1_114' title='bbox 539 1772 572 1803; x_wconf 89' lang='lat' dir='ltr'>in</span> <span class='ocrx_word' id='word_1_115' title='bbox 596 1772 690 1803; x_wconf 88' lang='lat' dir='ltr'>caelis</span> 
     </span>
     <span class='ocr_line' id='line_1_33' title="bbox 272 1818 635 1859; baseline -0.003 -9"><span class='ocrx_word' id='word_1_116' title='bbox 272 1818 373 1850; x_wconf 86' lang='lat' dir='ltr'>Facta</span> <span class='ocrx_word' id='word_1_117' title='bbox 398 1822 495 1859; x_wconf 85' lang='lat' dir='ltr'>eaput</span> <span class='ocrx_word' id='word_1_118' title='bbox 518 1819 635 1859; x_wconf 83' lang='lat' dir='ltr'>anguli.</span> 
     </span>
    </p>
   </div>
   <div class='ocr_carea' id='block_1_10' title="bbox 186 2054 687 2423">
    <p class='ocr_par' dir='ltr' id='par_1_15' title="bbox 186 2054 687 2423">
     <span class='ocr_line' id='line_1_34' title="bbox 186 2054 590 2096; baseline -0.007 -5"><span class='ocrx_word' id='word_1_119' title='bbox 186 2082 193 2090; x_wconf 91' lang='lat'><strong>.</strong></span> <span class='ocrx_word' id='word_1_120' title='bbox 222 2054 432 2096; x_wconf 85' lang='lat' dir='ltr'>Omnipotens</span> <span class='ocrx_word' id='word_1_121' title='bbox 457 2057 490 2088; x_wconf 90' lang='lat' dir='ltr'>in</span> <span class='ocrx_word' id='word_1_122' title='bbox 515 2065 590 2088; x_wconf 83' lang='lat' dir='ltr'>area</span> 
     </span>
     <span class='ocr_line' id='line_1_35' title="bbox 267 2103 654 2143; baseline -0.005 -7"><span class='ocrx_word' id='word_1_123' title='bbox 267 2104 470 2137; x_wconf 84' lang='lat' dir='ltr'>Fasciculum</span> <span class='ocrx_word' id='word_1_124' title='bbox 496 2103 654 2143; x_wconf 86' lang='lat' dir='ltr'>fundavit,</span> 
     </span>
     <span class='ocr_line' id='line_1_36' title="bbox 223 2152 646 2191; baseline -0.005 -7"><span class='ocrx_word' id='word_1_125' title='bbox 223 2152 283 2191; x_wconf 78' lang='lat' dir='ltr'>Qui</span> <span class='ocrx_word' id='word_1_126' title='bbox 307 2156 344 2184; x_wconf 88' lang='lat' dir='ltr'>ut</span> <span class='ocrx_word' id='word_1_127' title='bbox 367 2155 481 2190; x_wconf 87' lang='lat' dir='ltr'>potens</span> <span class='ocrx_word' id='word_1_128' title='bbox 506 2154 646 2183; x_wconf 82' lang='lat' dir='ltr'>tartarea</span> 
     </span>
     <span class='ocr_line' id='line_1_37' title="bbox 265 2198 687 2239; baseline -0.005 -7"><span class='ocrx_word' id='word_1_129' title='bbox 265 2200 309 2232; x_wconf 88' lang='lat' dir='ltr'>Et</span> <span class='ocrx_word' id='word_1_130' title='bbox 334 2199 473 2231; x_wconf 86' lang='lat' dir='ltr'>claustra</span> <span class='ocrx_word' id='word_1_131' title='bbox 499 2198 687 2239; x_wconf 78' lang='lat' dir='ltr'>devastavit,</span> 
     </span>
     <span class='ocr_line' id='line_1_38' title="bbox 220 2247 672 2288; baseline -0.004 -8"><span class='ocrx_word' id='word_1_132' title='bbox 220 2247 293 2280; x_wconf 88' lang='lat' dir='ltr'>Non</span> <span class='ocrx_word' id='word_1_133' title='bbox 317 2247 475 2287; x_wconf 85' lang='lat' dir='ltr'>impotens</span> <span class='ocrx_word' id='word_1_134' title='bbox 499 2249 672 2288; x_wconf 87' lang='lat' dir='ltr'>propterea</span> 
     </span>
     <span class='ocr_line' id='line_1_39' title="bbox 264 2295 629 2335; baseline -0.003 -8"><span class='ocrx_word' id='word_1_135' title='bbox 264 2295 317 2327; x_wconf 87' lang='lat' dir='ltr'>Ad</span> <span class='ocrx_word' id='word_1_136' title='bbox 343 2303 441 2335; x_wconf 85' lang='lat' dir='ltr'>regna</span> <span class='ocrx_word' id='word_1_137' title='bbox 465 2295 629 2335; x_wconf 84' lang='lat' dir='ltr'>remeavit,</span> 
     </span>
     <span class='ocr_line' id='line_1_40' title="bbox 217 2342 674 2382; baseline -0.007 -7"><span class='ocrx_word' id='word_1_138' title='bbox 217 2342 281 2375; x_wconf 84' lang='lat' dir='ltr'>Sed</span> <span class='ocrx_word' id='word_1_139' title='bbox 306 2346 498 2382; x_wconf 84' lang='lat' dir='ltr'>praepotens</span> <span class='ocrx_word' id='word_1_140' title='bbox 524 2342 674 2375; x_wconf 84' lang='lat' dir='ltr'>aetherea</span> 
     </span>
     <span class='ocr_line' id='line_1_41' title="bbox 262 2390 681 2423; baseline -0.002 0"><span class='ocrx_word' id='word_1_141' title='bbox 262 2390 322 2423; x_wconf 83' lang='lat' dir='ltr'>His</span> <span class='ocrx_word' id='word_1_142' title='bbox 347 2391 438 2422; x_wconf 84' lang='lat' dir='ltr'>testis</span> <span class='ocrx_word' id='word_1_143' title='bbox 463 2399 562 2423; x_wconf 84' lang='lat' dir='ltr'>annos</span> <span class='ocrx_word' id='word_1_144' title='bbox 588 2390 681 2422; x_wconf 84' lang='lat' dir='ltr'>cavit.</span> 
     </span>
    </p>
   </div>
   <div class='ocr_carea' id='block_1_11' title="bbox 873 223 1304 259">
    <p class='ocr_par' dir='ltr' id='par_1_16' title="bbox 873 223 1304 259">
     <span class='ocr_line' id='line_1_42' title="bbox 873 223 1304 259; baseline -0.007 0"><span class='ocrx_word' id='word_1_145' title='bbox 873 228 904 259; x_wconf 85' lang='grc'>9.</span> <span class='ocrx_word' id='word_1_146' title='bbox 932 223 979 259; x_wconf 82' lang='lat' dir='ltr'>Tu</span> <span class='ocrx_word' id='word_1_147' title='bbox 1006 225 1132 257; x_wconf 85' lang='lat' dir='ltr'>Hoscae</span> <span class='ocrx_word' id='word_1_148' title='bbox 1155 225 1304 256; x_wconf 89' lang='lat' dir='ltr'>innovato</span> 
     </span>
    </p>
   </div>
   <div class='ocr_carea' id='block_1_12' title="bbox 930 271 1415 585">
    <p class='ocr_par' dir='ltr' id='par_1_17' title="bbox 930 271 1415 585">
     <span class='ocr_line' id='line_1_43' title="bbox 977 271 1412 311; baseline -0.005 -8"><span class='ocrx_word' id='word_1_149' title='bbox 977 271 1093 303; x_wconf 83' lang='lat' dir='ltr'>Novali</span> <span class='ocrx_word' id='word_1_150' title='bbox 1118 271 1183 303; x_wconf 84' lang='lat' dir='ltr'>fers</span> <span class='ocrx_word' id='word_1_151' title='bbox 1207 271 1412 311; x_wconf 85' lang='lat' dir='ltr'>praeconium</span> 
     </span>
     <span class='ocr_line' id='line_1_44' title="bbox 930 318 1378 359; baseline -0.004 -8"><span class='ocrx_word' id='word_1_152' title='bbox 930 319 973 351; x_wconf 85' lang='lat' dir='ltr'>Et</span> <span class='ocrx_word' id='word_1_153' title='bbox 997 318 1164 350; x_wconf 84' lang='lat' dir='ltr'>Michaeae</span> <span class='ocrx_word' id='word_1_154' title='bbox 1188 320 1378 359; x_wconf 86' lang='lat' dir='ltr'>praeparato</span> 
     </span>
     <span class='ocr_line' id='line_1_45' title="bbox 976 365 1326 404; baseline -0.003 -7"><span class='ocrx_word' id='word_1_155' title='bbox 976 365 1080 397; x_wconf 88' lang='lat' dir='ltr'>Monti</span> <span class='ocrx_word' id='word_1_156' title='bbox 1104 366 1326 404; x_wconf 89' lang='lat' dir='ltr'>testimonium,</span> 
     </span>
     <span class='ocr_line' id='line_1_46' title="bbox 931 411 1363 452; baseline -0.002 -9"><span class='ocrx_word' id='word_1_157' title='bbox 931 413 968 444; x_wconf 89' lang='lat' dir='ltr'>In</span> <span class='ocrx_word' id='word_1_158' title='bbox 993 421 1053 452; x_wconf 90' lang='lat' dir='ltr'>quo</span> <span class='ocrx_word' id='word_1_159' title='bbox 1077 411 1141 444; x_wconf 80' lang='lat' dir='ltr'>fixa</span> <span class='ocrx_word' id='word_1_160' title='bbox 1168 413 1278 445; x_wconf 87' lang='lat' dir='ltr'>domus</span> <span class='ocrx_word' id='word_1_161' title='bbox 1302 411 1363 443; x_wconf 91' lang='lat' dir='ltr'>Dei</span> 
     </span>
     <span class='ocr_line' id='line_1_47' title="bbox 978 459 1326 499; baseline -0.003 -8"><span class='ocrx_word' id='word_1_162' title='bbox 978 459 1038 491; x_wconf 86' lang='lat' dir='ltr'>Est</span> <span class='ocrx_word' id='word_1_163' title='bbox 1060 459 1094 491; x_wconf 92' lang='lat' dir='ltr'>in</span> <span class='ocrx_word' id='word_1_164' title='bbox 1118 459 1326 499; x_wconf 74' lang='lat' dir='ltr'>patrocinium</span> 
     </span>
     <span class='ocr_line' id='line_1_48' title="bbox 930 504 1301 545; baseline -0.003 -8"><span class='ocrx_word' id='word_1_165' title='bbox 930 506 975 538; x_wconf 87' lang='lat' dir='ltr'>Et</span> <span class='ocrx_word' id='word_1_166' title='bbox 998 504 1095 538; x_wconf 80' lang='lat' dir='ltr'>affixa</span> <span class='ocrx_word' id='word_1_167' title='bbox 1121 507 1208 538; x_wconf 89' lang='lat' dir='ltr'>clavo</span> <span class='ocrx_word' id='word_1_168' title='bbox 1234 506 1301 545; x_wconf 89' lang='lat' dir='ltr'>spei</span> 
     </span>
     <span class='ocr_line' id='line_1_49' title="bbox 978 551 1415 585; baseline 0 0"><span class='ocrx_word' id='word_1_169' title='bbox 978 552 1063 585; x_wconf 82' lang='lat' dir='ltr'>Gens</span> <span class='ocrx_word' id='word_1_170' title='bbox 1088 556 1268 585; x_wconf 85' lang='lat' dir='ltr'>cunctarum</span> <span class='ocrx_word' id='word_1_171' title='bbox 1297 551 1415 585; x_wconf 90' lang='lat' dir='ltr'>finium.</span> 
     </span>
    </p>
   </div>
   <div class='ocr_carea' id='block_1_13' title="bbox 896 643 1349 679">
    <p class='ocr_par' dir='ltr' id='par_1_18' title="bbox 896 643 1349 679">
     <span class='ocr_line' id='line_1_50' title="bbox 896 643 1349 679; baseline -0.004 0"><span class='ocrx_word' id='word_1_172' title='bbox 896 671 902 678; x_wconf 96' lang='lat'>.</span> <span class='ocrx_word' id='word_1_173' title='bbox 927 643 977 679; x_wconf 90' lang='lat' dir='ltr'>De</span> <span class='ocrx_word' id='word_1_174' title='bbox 1002 646 1096 678; x_wconf 87' lang='lat' dir='ltr'>Ioelis</span> <span class='ocrx_word' id='word_1_175' title='bbox 1123 647 1214 678; x_wconf 92' lang='lat' dir='ltr'>domo</span> <span class='ocrx_word' id='word_1_176' title='bbox 1239 654 1349 677; x_wconf 89' lang='lat' dir='ltr'>recens</span> 
     </span>
    </p>
   </div>
   <div class='ocr_carea' id='block_1_14' title="bbox 929 691 1406 1006">
    <p class='ocr_par' dir='ltr' id='par_1_19' title="bbox 929 691 1386 771">
     <span class='ocr_line' id='line_1_51' title="bbox 974 691 1386 733; baseline 0.002 -11"><span class='ocrx_word' id='word_1_177' title='bbox 974 691 1060 723; x_wconf 86' lang='lat' dir='ltr'>Fons</span> <span class='ocrx_word' id='word_1_178' title='bbox 1086 693 1191 733; x_wconf 83' lang='lat' dir='ltr'>rigans</span> <span class='ocrx_word' id='word_1_179' title='bbox 1217 693 1386 732; x_wconf 84' lang='lat' dir='ltr'>egreditur,</span> 
     </span>
     <span class='ocr_line' id='line_1_52' title="bbox 929 738 1344 771; baseline 0 -1"><span class='ocrx_word' id='word_1_180' title='bbox 929 738 1072 770; x_wconf 90' lang='lat' dir='ltr'>Danielis</span> <span class='ocrx_word' id='word_1_181' title='bbox 1097 742 1204 771; x_wconf 90' lang='lat' dir='ltr'>monte</span> <span class='ocrx_word' id='word_1_182' title='bbox 1230 739 1344 770; x_wconf 88' lang='lat' dir='ltr'>decens</span> 
     </span>
    </p>

    <p class='ocr_par' dir='ltr' id='par_1_20' title="bbox 929 785 1392 873">
     <span class='ocr_line' id='line_1_53' title="bbox 976 785 1356 826; baseline -0.003 -9"><span class='ocrx_word' id='word_1_183' title='bbox 976 785 1136 826; x_wconf 88' lang='lat' dir='ltr'>Lapisque</span> <span class='ocrx_word' id='word_1_184' title='bbox 1161 786 1356 826; x_wconf 84' lang='lat' dir='ltr'>praeciditur</span> 
     </span>
     <span class='ocr_line' id='line_1_54' title="bbox 929 832 1392 873; baseline -0.004 -9"><span class='ocrx_word' id='word_1_185' title='bbox 929 832 1028 864; x_wconf 81' lang='lat' dir='ltr'>Manu</span> <span class='ocrx_word' id='word_1_186' title='bbox 1052 832 1121 864; x_wconf 86' lang='lat' dir='ltr'>sine</span> <span class='ocrx_word' id='word_1_187' title='bbox 1146 832 1392 873; x_wconf 86' lang='lat' dir='ltr'>complectentis,</span> 
     </span>
    </p>

    <p class='ocr_par' dir='ltr' id='par_1_21' title="bbox 929 879 1371 958">
     <span class='ocr_line' id='line_1_55' title="bbox 974 879 1371 920; baseline -0.003 -10"><span class='ocrx_word' id='word_1_188' title='bbox 974 879 1035 910; x_wconf 85' lang='lat' dir='ltr'>Est</span> <span class='ocrx_word' id='word_1_189' title='bbox 1057 882 1092 910; x_wconf 89' lang='lat' dir='ltr'>ut</span> <span class='ocrx_word' id='word_1_190' title='bbox 1116 880 1203 920; x_wconf 86' lang='lat' dir='ltr'>virgo</span> <span class='ocrx_word' id='word_1_191' title='bbox 1229 880 1371 911; x_wconf 86' lang='lat' dir='ltr'>creditur</span> 
     </span>
     <span class='ocr_line' id='line_1_56' title="bbox 929 925 1319 958; baseline 0 0"><span class='ocrx_word' id='word_1_192' title='bbox 929 926 1004 958; x_wconf 91' lang='lat' dir='ltr'>Sine</span> <span class='ocrx_word' id='word_1_193' title='bbox 1028 925 1090 957; x_wconf 89' lang='lat' dir='ltr'>fine</span> <span class='ocrx_word' id='word_1_194' title='bbox 1114 930 1216 958; x_wconf 89' lang='lat' dir='ltr'>mater</span> <span class='ocrx_word' id='word_1_195' title='bbox 1239 927 1319 958; x_wconf 90' lang='lat' dir='ltr'>entis</span> 
     </span>
    </p>

    <p class='ocr_par' dir='ltr' id='par_1_22' title="bbox 974 973 1406 1006">
     <span class='ocr_line' id='line_1_57' title="bbox 974 973 1406 1006; baseline 0.002 -1"><span class='ocrx_word' id='word_1_196' title='bbox 974 973 1029 1005; x_wconf 85' lang='lat' dir='ltr'>Fit</span> <span class='ocrx_word' id='word_1_197' title='bbox 1054 981 1113 1005; x_wconf 82' lang='lat' dir='ltr'>neo</span> <span class='ocrx_word' id='word_1_198' title='bbox 1138 982 1233 1005; x_wconf 85' lang='lat' dir='ltr'>carne</span> <span class='ocrx_word' id='word_1_199' title='bbox 1257 973 1406 1006; x_wconf 86' lang='lat' dir='ltr'>laeditur.</span> 
     </span>
    </p>
   </div>
   <div class='ocr_carea' id='block_1_15' title="bbox 895 1062 1401 1107">
    <p class='ocr_par' dir='ltr' id='par_1_23' title="bbox 895 1062 1401 1107">
     <span class='ocr_line' id='line_1_58' title="bbox 895 1062 1401 1107; baseline -0.004 -8"><span class='ocrx_word' id='word_1_200' title='bbox 895 1092 903 1100; x_wconf 91' lang='lat'><strong>.</strong></span> <span class='ocrx_word' id='word_1_201' title='bbox 929 1062 1107 1099; x_wconf 83' lang='lat' dir='ltr'>Ezechielis</span> <span class='ocrx_word' id='word_1_202' title='bbox 1131 1067 1211 1098; x_wconf 88' lang='lat' dir='ltr'>haec</span> <span class='ocrx_word' id='word_1_203' title='bbox 1235 1069 1284 1097; x_wconf 82' lang='lat' dir='ltr'>est</span> <span class='ocrx_word' id='word_1_204' title='bbox 1307 1068 1401 1107; x_wconf 79' lang='lat' dir='ltr'>porta</span> 
     </span>
    </p>
   </div>
   <div class='ocr_carea' id='block_1_16' title="bbox 928 1112 1450 1434">
    <p class='ocr_par' dir='ltr' id='par_1_24' title="bbox 928 1112 1450 1434">
     <span class='ocr_line' id='line_1_59' title="bbox 979 1112 1396 1153; baseline 0 -9"><span class='ocrx_word' id='word_1_205' title='bbox 979 1112 1094 1145; x_wconf 88' lang='lat' dir='ltr'>Clausa</span> <span class='ocrx_word' id='word_1_206' title='bbox 1118 1122 1246 1145; x_wconf 90' lang='lat' dir='ltr'>manens</span> <span class='ocrx_word' id='word_1_207' title='bbox 1270 1113 1396 1153; x_wconf 86' lang='lat' dir='ltr'>iugiter,</span> 
     </span>
     <span class='ocr_line' id='line_1_60' title="bbox 930 1158 1419 1200; baseline 0 -9"><span class='ocrx_word' id='word_1_208' title='bbox 930 1160 1026 1199; x_wconf 75' lang='lat' dir='ltr'>Quam</span> <span class='ocrx_word' id='word_1_209' title='bbox 1051 1158 1156 1192; x_wconf 88' lang='lat' dir='ltr'>fidelis</span> <span class='ocrx_word' id='word_1_210' title='bbox 1181 1160 1273 1200; x_wconf 87' lang='lat' dir='ltr'>plebs</span> <span class='ocrx_word' id='word_1_211' title='bbox 1298 1163 1419 1191; x_wconf 86' lang='lat' dir='ltr'>retorta</span> 
     </span>
     <span class='ocr_line' id='line_1_61' title="bbox 976 1206 1337 1247; baseline 0 -9"><span class='ocrx_word' id='word_1_212' title='bbox 976 1206 1059 1238; x_wconf 83' lang='lat' dir='ltr'>Fide</span> <span class='ocrx_word' id='word_1_213' title='bbox 1084 1210 1171 1239; x_wconf 78' lang='lat' dir='ltr'>tenet</span> <span class='ocrx_word' id='word_1_214' title='bbox 1194 1206 1337 1247; x_wconf 87' lang='lat' dir='ltr'>firmiter,</span> 
     </span>
     <span class='ocr_line' id='line_1_62' title="bbox 929 1254 1450 1295; baseline 0.002 -10"><span class='ocrx_word' id='word_1_215' title='bbox 929 1254 1026 1293; x_wconf 76' lang='lat' dir='ltr'>Quam</span> <span class='ocrx_word' id='word_1_216' title='bbox 1050 1254 1210 1295; x_wconf 85' lang='lat' dir='ltr'>ingressus</span> <span class='ocrx_word' id='word_1_217' title='bbox 1237 1257 1284 1285; x_wconf 88' lang='lat' dir='ltr'>est</span> <span class='ocrx_word' id='word_1_218' title='bbox 1309 1254 1450 1286; x_wconf 88' lang='lat' dir='ltr'>sincerus</span> 
     </span>
     <span class='ocr_line' id='line_1_63' title="bbox 977 1299 1299 1340; baseline 0 -8"><span class='ocrx_word' id='word_1_219' title='bbox 977 1299 1125 1334; x_wconf 84' lang='lat' dir='ltr'>Pontifex</span> <span class='ocrx_word' id='word_1_220' title='bbox 1149 1302 1299 1340; x_wconf 83' lang='lat' dir='ltr'>suaviter,</span> 
     </span>
     <span class='ocr_line' id='line_1_64' title="bbox 928 1348 1369 1387; baseline -0.002 -7"><span class='ocrx_word' id='word_1_221' title='bbox 928 1348 971 1380; x_wconf 87' lang='lat' dir='ltr'>Et</span> <span class='ocrx_word' id='word_1_222' title='bbox 997 1356 1140 1387; x_wconf 86' lang='lat' dir='ltr'>egressus</span> <span class='ocrx_word' id='word_1_223' title='bbox 1165 1348 1251 1380; x_wconf 87' lang='lat' dir='ltr'>Deus</span> <span class='ocrx_word' id='word_1_224' title='bbox 1277 1356 1369 1380; x_wconf 80' lang='lat' dir='ltr'>verus</span> 
     </span>
     <span class='ocr_line' id='line_1_65' title="bbox 974 1395 1364 1434; baseline 0.005 -9"><span class='ocrx_word' id='word_1_225' title='bbox 974 1395 1035 1426; x_wconf 87' lang='lat' dir='ltr'>Est</span> <span class='ocrx_word' id='word_1_226' title='bbox 1060 1397 1092 1426; x_wconf 87' lang='lat' dir='ltr'>et</span> <span class='ocrx_word' id='word_1_227' title='bbox 1114 1396 1207 1427; x_wconf 90' lang='lat' dir='ltr'>homo</span> <span class='ocrx_word' id='word_1_228' title='bbox 1233 1395 1364 1434; x_wconf 82' lang='lat' dir='ltr'>pariter.</span> 
     </span>
    </p>
   </div>
   <div class='ocr_carea' id='block_1_17' title="bbox 894 1485 1407 1529">
    <p class='ocr_par' dir='ltr' id='par_1_25' title="bbox 894 1485 1407 1529">
     <span class='ocr_line' id='line_1_66' title="bbox 894 1485 1407 1529; baseline -0.002 -10"><span class='ocrx_word' id='word_1_229' title='bbox 894 1513 901 1519; x_wconf 96' lang='lat'>.</span> <span class='ocrx_word' id='word_1_230' title='bbox 929 1485 997 1521; x_wconf 91' lang='lat' dir='ltr'>Vas</span> <span class='ocrx_word' id='word_1_231' title='bbox 1027 1488 1060 1519; x_wconf 92' lang='lat' dir='ltr'>in</span> <span class='ocrx_word' id='word_1_232' title='bbox 1085 1488 1158 1529; x_wconf 85' lang='lat' dir='ltr'>igne</span> <span class='ocrx_word' id='word_1_233' title='bbox 1181 1490 1407 1528; x_wconf 86' lang='lat' dir='ltr'>praeparatum</span> 
     </span>
    </p>
   </div>
   <div class='ocr_carea' id='block_1_18' title="bbox 926 1535 1440 1859">
    <p class='ocr_par' dir='ltr' id='par_1_26' title="bbox 926 1535 1440 1859">
     <span class='ocr_line' id='line_1_67' title="bbox 974 1535 1410 1573; baseline -0.002 -7"><span class='ocrx_word' id='word_1_234' title='bbox 974 1535 1036 1567; x_wconf 83' lang='lat' dir='ltr'>Est,</span> <span class='ocrx_word' id='word_1_235' title='bbox 1060 1536 1212 1567; x_wconf 86' lang='lat' dir='ltr'>electrum</span> <span class='ocrx_word' id='word_1_236' title='bbox 1237 1535 1410 1573; x_wconf 88' lang='lat' dir='ltr'>continens,</span> 
     </span>
     <span class='ocr_line' id='line_1_68' title="bbox 926 1582 1374 1623; baseline -0.002 -9"><span class='ocrx_word' id='word_1_237' title='bbox 926 1582 997 1614; x_wconf 86' lang='lat' dir='ltr'>Hoc</span> <span class='ocrx_word' id='word_1_238' title='bbox 1020 1583 1144 1623; x_wconf 81' lang='lat' dir='ltr'>insigne</span> <span class='ocrx_word' id='word_1_239' title='bbox 1167 1592 1223 1615; x_wconf 86' lang='lat' dir='ltr'>vas</span> <span class='ocrx_word' id='word_1_240' title='bbox 1248 1583 1374 1614; x_wconf 86' lang='lat' dir='ltr'>beatum</span> 
     </span>
     <span class='ocr_line' id='line_1_69' title="bbox 974 1629 1440 1669; baseline 0 -8"><span class='ocrx_word' id='word_1_241' title='bbox 974 1630 1102 1662; x_wconf 90' lang='lat' dir='ltr'>Ventris</span> <span class='ocrx_word' id='word_1_242' title='bbox 1128 1629 1264 1662; x_wconf 89' lang='lat' dir='ltr'>fructum</span> <span class='ocrx_word' id='word_1_243' title='bbox 1290 1629 1440 1669; x_wconf 85' lang='lat' dir='ltr'>retinens,</span> 
     </span>
     <span class='ocr_line' id='line_1_70' title="bbox 929 1676 1415 1717; baseline -0.004 -8"><span class='ocrx_word' id='word_1_244' title='bbox 929 1678 992 1709; x_wconf 84' lang='lat' dir='ltr'>Vas</span> <span class='ocrx_word' id='word_1_245' title='bbox 1019 1677 1168 1717; x_wconf 86' lang='lat' dir='ltr'>dolatum,</span> <span class='ocrx_word' id='word_1_246' title='bbox 1195 1686 1251 1709; x_wconf 85' lang='lat' dir='ltr'>vas</span> <span class='ocrx_word' id='word_1_247' title='bbox 1278 1676 1415 1715; x_wconf 88' lang='lat' dir='ltr'>virtutis,</span> 
     </span>
     <span class='ocr_line' id='line_1_71' title="bbox 975 1724 1362 1766; baseline -0.005 -10"><span class='ocrx_word' id='word_1_248' title='bbox 975 1724 1106 1756; x_wconf 81' lang='lat' dir='ltr'>Gratiae</span> <span class='ocrx_word' id='word_1_249' title='bbox 1130 1734 1186 1757; x_wconf 86' lang='lat' dir='ltr'>vas</span> <span class='ocrx_word' id='word_1_250' title='bbox 1213 1725 1362 1766; x_wconf 83' lang='lat' dir='ltr'>eminens,</span> 
     </span>
     <span class='ocr_line' id='line_1_72' title="bbox 930 1770 1424 1811; baseline -0.004 -8"><span class='ocrx_word' id='word_1_251' title='bbox 930 1772 992 1803; x_wconf 86' lang='lat' dir='ltr'>Vas</span> <span class='ocrx_word' id='word_1_252' title='bbox 1017 1771 1194 1811; x_wconf 86' lang='lat' dir='ltr'>probatum,</span> <span class='ocrx_word' id='word_1_253' title='bbox 1221 1781 1277 1803; x_wconf 88' lang='lat' dir='ltr'>vas</span> <span class='ocrx_word' id='word_1_254' title='bbox 1302 1770 1424 1811; x_wconf 89' lang='lat' dir='ltr'>salutis,</span> 
     </span>
     <span class='ocr_line' id='line_1_73' title="bbox 974 1819 1423 1859; baseline -0.004 -8"><span class='ocrx_word' id='word_1_255' title='bbox 974 1819 1080 1851; x_wconf 87' lang='lat' dir='ltr'>Dulce</span> <span class='ocrx_word' id='word_1_256' title='bbox 1103 1820 1228 1859; x_wconf 86' lang='lat' dir='ltr'>pondus</span> <span class='ocrx_word' id='word_1_257' title='bbox 1253 1819 1423 1850; x_wconf 88' lang='lat' dir='ltr'>sustinens.</span> 
     </span>
    </p>
   </div>
   <div class='ocr_carea' id='block_1_19' title="bbox 845 2053 1278 2089">
    <p class='ocr_par' dir='ltr' id='par_1_27' title="bbox 845 2053 1278 2089">
     <span class='ocr_line' id='line_1_74' title="bbox 845 2053 1278 2089; baseline -0.007 0"><span class='ocrx_word' id='word_1_258' title='bbox 845 2058 876 2089; x_wconf 87' lang='lat'>2.</span> <span class='ocrx_word' id='word_1_259' title='bbox 904 2053 1083 2089; x_wconf 82' lang='lat' dir='ltr'>Tutaminis</span> <span class='ocrx_word' id='word_1_260' title='bbox 1110 2055 1278 2087; x_wconf 78' lang='lat' dir='ltr'>certissimi</span> 
     </span>
    </p>
   </div>
   <div class='ocr_carea' id='block_1_20' title="bbox 901 2101 1381 2420">
    <p class='ocr_par' dir='ltr' id='par_1_28' title="bbox 903 2101 1365 2182">
     <span class='ocr_line' id='line_1_75' title="bbox 950 2101 1365 2142; baseline -0.002 -7"><span class='ocrx_word' id='word_1_261' title='bbox 950 2103 1044 2135; x_wconf 83' lang='lat' dir='ltr'>Mons</span> <span class='ocrx_word' id='word_1_262' title='bbox 1070 2101 1145 2135; x_wconf 85' lang='lat' dir='ltr'>Sion</span> <span class='ocrx_word' id='word_1_263' title='bbox 1171 2103 1365 2142; x_wconf 81' lang='lat' dir='ltr'>aestimatur,</span> 
     </span>
     <span class='ocr_line' id='line_1_76' title="bbox 903 2150 1245 2182; baseline -0.003 0"><span class='ocrx_word' id='word_1_264' title='bbox 903 2150 1068 2182; x_wconf 86' lang='lat' dir='ltr'>Examinis</span> <span class='ocrx_word' id='word_1_265' title='bbox 1093 2151 1245 2182; x_wconf 89' lang='lat' dir='ltr'>artissimi</span> 
     </span>
    </p>

    <p class='ocr_par' dir='ltr' id='par_1_29' title="bbox 904 2197 1339 2285">
     <span class='ocr_line' id='line_1_77' title="bbox 953 2197 1339 2239; baseline 0 -11"><span class='ocrx_word' id='word_1_266' title='bbox 953 2197 1038 2229; x_wconf 85' lang='lat' dir='ltr'>Dum</span> <span class='ocrx_word' id='word_1_267' title='bbox 1063 2198 1184 2230; x_wconf 86' lang='lat' dir='ltr'>arbiter</span> <span class='ocrx_word' id='word_1_268' title='bbox 1208 2198 1339 2239; x_wconf 80' lang='lat' dir='ltr'>legatur,</span> 
     </span>
     <span class='ocr_line' id='line_1_78' title="bbox 904 2245 1281 2285; baseline -0.005 -6"><span class='ocrx_word' id='word_1_269' title='bbox 904 2245 1094 2279; x_wconf 79' lang='lat' dir='ltr'>Salvalninis</span> <span class='ocrx_word' id='word_1_270' title='bbox 1120 2246 1281 2285; x_wconf 83' lang='lat' dir='ltr'>tutissimi,</span> 
     </span>
    </p>

    <p class='ocr_par' dir='ltr' id='par_1_30' title="bbox 901 2293 1381 2379">
     <span class='ocr_line' id='line_1_79' title="bbox 949 2293 1355 2334; baseline -0.007 -8"><span class='ocrx_word' id='word_1_271' title='bbox 949 2293 1039 2326; x_wconf 85' lang='lat' dir='ltr'>Haec</span> <span class='ocrx_word' id='word_1_272' title='bbox 1064 2294 1152 2334; x_wconf 88' lang='lat' dir='ltr'>virgo</span> <span class='ocrx_word' id='word_1_273' title='bbox 1179 2295 1355 2333; x_wconf 80' lang='lat' dir='ltr'>reputatur,</span> 
     </span>
     <span class='ocr_line' id='line_1_80' title="bbox 901 2338 1381 2379; baseline -0.006 -6"><span class='ocrx_word' id='word_1_274' title='bbox 901 2341 993 2373; x_wconf 83' lang='lat' dir='ltr'>Mons</span> <span class='ocrx_word' id='word_1_275' title='bbox 1018 2338 1154 2372; x_wconf 81' lang='lat' dir='ltr'>flaminis</span> <span class='ocrx_word' id='word_1_276' title='bbox 1179 2339 1381 2379; x_wconf 85' lang='lat' dir='ltr'>sanctissimi,</span> 
     </span>
    </p>

    <p class='ocr_par' dir='ltr' id='par_1_31' title="bbox 947 2388 1299 2420">
     <span class='ocr_line' id='line_1_81' title="bbox 947 2388 1299 2420; baseline -0.006 0"><span class='ocrx_word' id='word_1_277' title='bbox 947 2388 1071 2420; x_wconf 88' lang='lat' dir='ltr'>Abdias</span> <span class='ocrx_word' id='word_1_278' title='bbox 1095 2391 1131 2419; x_wconf 85' lang='lat' dir='ltr'>ut</span> <span class='ocrx_word' id='word_1_279' title='bbox 1155 2390 1299 2420; x_wconf 77' lang='lat' dir='ltr'>testatur.</span> 
     </span>
    </p>
   </div>
  </div>
 </body>
</html>
