1655 2573
634 89 865 126 *41*

298 180 338 214 81.
369 181 416 214 Ad
436 185 576 216 sanctum
596 183 773 223 Dionysium
793 183 934 223 sequitur
954 183 1064 215 devota
1085 182 1196 215 oratio.

111 261 142 295 1.
168 262 272 303 Ave,
296 271 387 295 sacer
410 263 556 307 Dionysi,
789 266 820 298 3.
846 263 1005 301 Gaude,
1039 264 1153 295 sollers
1177 264 1390 306 praedicator,

167 309 311 341 Vernaus
336 309 400 342 flos
425 319 458 342 es
481 311 635 354 paradisi,
846 310 955 342 Sancti
978 310 1071 342 Pauli
1094 310 1245 353 imitator,

167 355 288 387 Doctus
311 356 345 388 in
370 357 574 398 philosophia
846 356 992 389 Grandes
1017 365 1135 396 poenas
1160 357 1315 389 sustulisti

170 401 297 435 Summo
324 403 401 436 data
424 414 443 436 a
466 405 595 438 Massia.
849 404 982 443 Propter
1005 403 1101 436 tidem
1125 405 1198 436 Iesu
1222 404 1348 437 Christi.

111 469 143 502 2.
170 467 316 512 Salve,
346 470 464 513 doctor,
490 470 542 510 qui
561 470 720 509 scripsisti
791 472 822 503 4.
846 470 965 513 Vale,
992 473 1100 502 sancte
1125 470 1268 513 Dionysi,

169 514 220 547 De
247 515 371 560 divinis,
400 525 480 556 quae
506 517 614 548 vidisti
848 516 999 549 Fructum
1024 520 1153 557 gustans
1177 517 1329 557 paradisi,

171 562 337 594 intellectu
364 563 495 603 elevato,
848 562 915 595 Fac
938 572 996 595 nos
1019 567 1122 595 tecum
1149 564 1280 604 epulari,

169 608 230 640 Dei
258 609 348 641 donis
378 609 548 641 illustrato.
848 611 977 641 Vultum
1003 610 1063 642 Dei
1087 611 1257 650 speculari.

490 763 537 795 82.
564 763 610 795 Ad
630 765 769 796 sanctum
788 763 1000 796 Valentinum.

112 842 141 874 1.
169 842 272 886 Ave,
297 844 406 874 sancte
430 843 608 886 Valentine,
789 845 821 877 3.
849 843 1012 888 Gaude,
1039 846 1159 884 martyr
1175 845 1248 876 Iesu
1262 844 1392 884 Christi,

167 890 197 921 A
222 891 255 920 te
279 888 370 921 fluxit
394 890 449 922 lux
477 890 649 931 doctrinae,
849 891 958 923 Caecis
984 891 1090 923 lumen
1114 890 1263 929 tribuisti,

167 936 215 968 Tu
241 936 383 968 valenter
407 937 599 976 praedicasti
846 939 1057 977 Aegrotorum
1083 947 1115 970 es
1140 940 1279 979 sanator,

166 982 210 1014 Et
235 991 293 1022 pro
317 981 381 1015 fide
406 983 573 1016 dimicasti.
848 983 957 1015 Nostri
983 993 1109 1024 semper
1133 985 1175 1016 sis
1202 988 1337 1016 curator.

109 1051 140 1082 2.
168 1048 310 1091 Salve,
337 1047 416 1080 felix
441 1049 495 1088 qui
518 1049 636 1081 trivisti
790 1053 821 1082 4.
849 1051 968 1093 Vale,
994 1053 1086 1090 pater
1110 1051 1290 1083 venerande

166 1095 257 1126 ldola
280 1098 313 1126 et
335 1096 466 1128 erexisti
849 1096 1021 1137 Presbyter
1045 1102 1078 1129 et
1101 1098 1294 1139 honorande,

165 1141 278 1173 Fidem
302 1142 403 1175 nostri
431 1143 609 1185 salvatoris,
849 1145 915 1184 Fae
937 1152 989 1175 me
1011 1144 1102 1176 bonis
1127 1144 1290 1176 abundare

165 1190 216 1221 Da
239 1188 346 1221 valere
370 1191 491 1222 eunctis
516 1190 613 1221 horis.
843 1191 887 1222 Et
909 1192 943 1222 in
967 1191 1063 1223 caelis
1089 1200 1285 1231 corregnare.

276 1345 323 1376 83.
353 1345 468 1386 Incipit
487 1345 600 1377 devota
620 1345 720 1377 oratio
741 1345 780 1376 ad
800 1346 942 1377 sanetum
963 1346 1217 1378 Penthaleonem.

107 1425 135 1457 1.
163 1425 250 1457 Ave
270 1453 276 1468 ‚
303 1423 381 1457 felix
405 1425 608 1467 medicorum,
791 1428 821 1459 3.
850 1425 1014 1466 Gaude,
1040 1428 1162 1465 martyr
1186 1428 1395 1457 tormentatus

165 1471 369 1510 Panthaleon,
399 1473 505 1513 decor,
533 1482 653 1505 morum
845 1471 957 1504 Multis
980 1473 1091 1512 poenis
1118 1481 1178 1504 nec
1201 1472 1347 1515 lassatus,

165 1517 360 1551 Medicinam
385 1519 549 1562 reliquisti,
848 1519 911 1551 Sed
936 1527 956 1549 a
981 1518 1106 1551 Christo
1133 1519 1320 1553 consolatus,

163 1564 276 1597 Fidem
302 1565 420 1598 Christi
445 1568 621 1607 suscepisti,
843 1566 882 1598 In
905 1565 1049 1599 adversis
1075 1566 1118 1598 sis
1145 1568 1285 1606 paratus,

102 1633 133 1663 2.
160 1631 303 1676 Salve,
337 1636 468 1676 martyr,
494 1633 548 1673 qui
572 1636 690 1666 sanasti
779 1634 811 1666 4.
835 1632 954 1675 Vale,
980 1631 1063 1664 fidus
1079 1633 1267 1675 consolator,

159 1680 292 1723 Aegros,
320 1689 429 1712 caecos
453 1681 631 1725 illustrasti,
836 1679 966 1712 Gratiae
989 1680 1033 1711 sis
1056 1679 1252 1721 implorator,

160 1725 291 1759 Morbos
316 1732 440 1760 nostros
465 1729 518 1769 pie
541 1737 629 1769 sana,
838 1728 928 1760 Pium
952 1730 1081 1766 praesta
1105 1731 1138 1759 te
1159 1729 1293 1769 roganti,

160 1773 269 1805 Pestes
294 1776 407 1807 mentis
433 1779 467 1807 tu
489 1776 664 1815 complana.
836 1771 927 1814 Iungi
952 1774 1021 1806 Deo
1047 1783 1104 1806 nos
1131 1774 1277 1806 salvanti.

366 1923 413 1954 84.
443 1923 490 1954 Ad
509 1924 649 1954 sanetum
668 1923 794 1955 Petrum
813 1924 988 1961 martyrem
1008 1922 1120 1953 oratio.

102 2004 131 2037 1.
158 2005 264 2043 Ave,
290 2005 413 2043 martyr
436 2005 545 2035 sancte
569 2004 672 2046 Petre,
781 2005 812 2037 3.
840 2002 999 2041 Gaude,
1027 2002 1115 2043 pugil
1138 2001 1256 2034 Christi
1283 2001 1385 2041 fortis,

161 2051 288 2084 Firmus
314 2049 377 2083 fide
400 2050 503 2083 instar
526 2053 645 2094 petrae,
839 2049 927 2082 Nihil
953 2050 1067 2081 timens
1091 2058 1225 2090 poenam
1248 2050 1370 2087 mortis,

162 2099 261 2137 Quam
296 2101 479 2130 constanter
503 2098 707 2138 praedicasti,
838 2098 906 2131 Fac
929 2106 986 2129 nos
1013 2098 1114 2130 Deum
1139 2097 1192 2128 hio
1215 2098 1326 2128 timere

160 2146 253 2179 Miris
277 2146 374 2186 signis
400 2145 634 2178 demonstrasti.
838 2144 917 2178 Eius
942 2144 1025 2177 velle
1050 2147 1082 2175 et
1105 2144 1249 2184 implere,

98 2216 128 2247 2.
156 2212 304 2255 Salve,
333 2212 444 2244 doctor
468 2221 487 2244 o
512 2211 631 2252 fidelis,
783 2214 815 2245 4.
843 2212 963 2255 Vale,
990 2210 1068 2243 felix
1093 2214 1127 2243 tu
1148 2211 1277 2251 athleta,

160 2259 291 2301 Semper
315 2258 435 2293 habens
462 2268 516 2292 cor
539 2260 570 2292 in
600 2259 708 2302 caelis,
842 2259 959 2292 Christi
984 2268 1123 2299 purgans
1149 2258 1201 2290 hic
1225 2259 1341 2298 vineta,

158 2307 308 2341 Infideles
336 2307 541 2349 conturbasti,
843 2306 966 2339 Munda
990 2306 1101 2338 sordes
1127 2306 1274 2338 vitiorum

155 2355 317 2388 Haereses
344 2357 418 2387 dum
444 2354 639 2395 exstirpasti.
840 2354 893 2386 Ad
920 2357 1103 2385 concentum
1133 2354 1193 2385 duc
1219 2354 1386 2387 caelorum.
