1655 2573
641 125 871 161 ..47-

419 216 482 249 105.
520 217 625 250 oratio
646 218 685 249 ad
705 220 846 249 sanctum
866 217 1089 249 Bernhardum.

122 281 152 315 1.
178 283 288 324 Ave,
312 286 348 316 tu
372 284 557 318 Bernharde
581 287 643 326 pie,

180 331 275 363 Gaste
297 331 407 363 vivens
432 333 516 365 omni
540 333 601 374 die,

181 376 279 410 Flore
302 386 423 411 morum
450 380 610 418 educatus,

180 424 277 464 Iuste,
303 429 412 458 sancte
436 429 646 459 conversatus.

151 506 158 513 .
185 480 329 522 Salve,
355 481 453 514 abbas
478 483 664 523 sanctitatis,

187 528 318 561 Stillans
342 530 405 561 mel
430 530 594 562 suavitatis

182 574 219 607 In
246 576 398 619 doctrina,
426 585 518 615 quam
542 575 707 615 scripsisti,

184 621 245 653 Per
269 630 359 660 quam
385 622 509 661 plebem
532 622 684 655 imbuisti.

801 287 832 319 3.
858 286 1012 326 Gaude,
1041 286 1150 317 doctor
1173 289 1209 316 tu
1231 285 1372 326 devotus,

857 333 934 374 Igne
953 332 1016 364 Dei
1037 330 1174 371 flagrans
1198 334 1293 371 totus,

860 380 962 412 Posce
984 379 1088 419 ignem
1115 378 1251 418 deitatis

857 428 905 460 Ut
927 436 984 459 nos
1010 429 1122 466 purget
1144 436 1164 458 a
1186 426 1336 465 peccatis

825 509 833 517 .
858 483 987 525 Vale,
1013 485 1105 522 pater
1130 484 1164 513 tu
1187 485 1321 520 sensate,

858 529 975 563 Confer
996 532 1051 561 tua
1074 529 1214 561 bonitate

859 577 974 608 Vivere
995 576 1048 607 hic
1071 576 1220 616 virtuose,

857 622 973 655 Tecum
999 631 1068 654 esse
1091 623 1236 663 gloriose.

525 679 550 711 O
574 681 707 718 creator,
733 686 843 718 preces
868 678 943 710 audi

526 724 570 757 Et
601 733 659 767 per
688 734 757 757 eum
781 734 838 758 nos
864 725 987 758 exaudi.

514 853 575 884 106.
605 853 650 884 Ad
670 854 809 885 sanctum
829 852 1002 894 Aegidium.

151 946 157 954 .
184 923 284 965 Ave,
312 922 410 955 abbas
434 931 567 963 magnae
590 923 703 961 laudis,

183 969 209 1001 O
232 969 359 1010 Aegidi,
386 978 500 1009 expers
524 969 656 1010 fraudis,

186 1017 260 1047 Alta
284 1017 384 1056 stirpe
407 1019 609 1058 propagatus,

183 1063 295 1095 Multis
320 1063 410 1096 donis
437 1064 611 1096 decoratus.

151 1146 157 1151 .
183 1118 327 1161 Salve,
353 1128 441 1151 mare
465 1119 517 1159 qui
541 1120 669 1162 sedasti,

183 1166 277 1199 Miris
302 1166 399 1206 signis
425 1167 605 1209 coruscasti,

182 1212 309 1245 Laudes
333 1213 436 1252 plebis
461 1212 650 1256 formidasti,

181 1260 220 1292 In
246 1260 379 1292 desertis
404 1263 437 1291 te
461 1260 580 1297 celasti.

802 926 833 957 3.
860 923 889 955 Gr
898 934 946 956 au
957 924 976 956 d
986 933 1020 966 e,
1046 927 1140 964 pater
1155 923 1387 961 monachorum,

856 971 988 1003 Veniam
1015 971 1056 1003 da
1078 974 1290 1011 peccatorum,

855 1017 943 1049 Tuae
964 1026 1075 1057 preces
1100 1017 1279 1058 audiuntur,

857 1063 926 1096 Deo
951 1065 1076 1105 quando
1099 1064 1281 1096 offeruntur.

803 1123 834 1153 4.
861 1121 981 1164 Vale,
1008 1119 1087 1153 felix
1112 1120 1252 1160 eremita,

864 1166 965 1200 Cerva
988 1167 1077 1208 pavit
1100 1170 1132 1199 te
1155 1168 1188 1199 in
1213 1167 1287 1209 vita,

861 1214 912 1247 Da
936 1218 1062 1254 gustare
1085 1215 1136 1247 lac
1162 1214 1312 1253 divinum,

861 1260 928 1294 Fac
950 1270 1001 1294 me
1026 1262 1105 1295 caeli
1128 1261 1326 1302 inquilinum.

515 1389 576 1422 107.
605 1390 650 1422 Ad
669 1390 809 1422 sanetum
829 1391 1003 1423 Antonium.

122 1479 151 1512 1.
180 1480 281 1518 Ave,
307 1478 418 1510 mundi
441 1481 638 1518 aspernator,

178 1525 227 1558 Tu
251 1526 381 1573 Antoni,
408 1526 461 1566 qui
484 1528 606 1557 amator

176 1572 377 1613 Paupertatis
404 1571 563 1614 exstitisti,
856 1572 959 1605 Nobis
985 1573 1029 1605 sis
1053 1572 1158 1605 fidelis
1183 1575 1270 1605 tutor

180 1621 265 1653 Onus
289 1619 399 1651 mundi
423 1619 576 1652 abiecisti.
855 1620 901 1652 Et
921 1620 1051 1653 tentatis
1078 1619 1250 1653 coadiutor.

120 1678 151 1710 2.
178 1678 325 1718 Salve,
350 1677 441 1709 hoste
466 1677 519 1716 qui
541 1679 690 1719 tentatus,
797 1679 829 1710 4.
856 1678 977 1717 Vale,
1004 1675 1062 1708 flos
1087 1677 1262 1719 religiosus,

799 1479 830 1511 3.
858 1479 1020 1522 Gaude,
1048 1478 1108 1511 Dei
1135 1478 1372 1517 contemplator,

858 1525 965 1558 Omnis
988 1526 1064 1557 mali
1091 1526 1276 1567 debellator,

181 1724 258 1756 Dire
282 1734 301 1756 a
325 1733 386 1765 quo
410 1724 577 1764 laceratus,

182 1771 281 1804 Serva
306 1780 362 1803 nos
387 1780 407 1803 a
430 1770 548 1803 morbis
572 1771 654 1811 ignis

179 1819 249 1850 Tua
273 1827 368 1858 prece
393 1821 426 1850 et
448 1819 603 1858 malignis.

858 1723 959 1757 Nobis
984 1724 1027 1756 sis
1051 1723 1105 1755 hic
1129 1722 1303 1765 favorosus,

856 1771 971 1803 Mundi
995 1772 1079 1803 mala
1102 1773 1139 1803 ut
1163 1772 1296 1804 vitemus

856 1818 900 1850 Et
925 1818 1032 1851 electis
1059 1826 1288 1859 corregnemus,

402 1945 464 1977 108.
495 1944 601 1977 oratio
624 1945 737 1977 devota
758 1945 794 1977 de
814 1947 923 1978 sancto
943 1945 1117 1978 Benedicto.

142 2060 150 2067 .
177 2038 281 2079 Ave,
306 2039 401 2077 pater
422 2037 625 2080 Benedictus,

176 2085 312 2118 Nomine
336 2085 384 2118 sic
409 2087 495 2117 certe
521 2085 634 2125 dictus,

174 2133 221 2165 Te
245 2133 297 2165 hic
320 2134 407 2166 Deus
433 2132 598 2164 benedixit

175 2180 298 2224 Gratia,
324 2190 417 2222 quam
437 2181 471 2212 in
495 2183 528 2212 te
551 2179 631 2215 fixit.

143 2265 150 2272 .
176 2238 321 2282 Salve,
345 2248 402 2272 vas
426 2238 618 2277 serenitatis,

175 2286 280 2319 Mirae
307 2285 368 2319 flos
392 2286 568 2326 suavitatis,

175 2333 228 2367 Da
250 2334 380 2367 odorem
404 2337 535 2369 sanctae
558 2334 654 2371 vitae,

176 2381 238 2414 Dei
262 2390 366 2414 mores
391 2381 481 2423 sequi
503 2381 575 2416 rite,

794 2039 825 2070 3.
854 2036 909 2069 Ga
917 2046 938 2068 u
948 2037 968 2069 d
977 2046 1009 2076 e,
1028 2037 1125 2077 signis
1139 2037 1261 2077 magnis
1275 2037 1408 2079 clarens,

855 2082 936 2116 Voci
960 2084 1022 2116 Dei
1045 2093 1171 2125 semper
1193 2092 1320 2125 parens,

855 2131 923 2164 Fac
946 2132 1125 2173 praeceptis
1151 2132 1301 2165 oboedire

858 2179 920 2211 Dei
944 2182 976 2211 et
997 2189 1060 2212 non
1085 2180 1253 2213 contraire.

800 2238 832 2271 4.
858 2236 978 2280 Vale,
1004 2236 1103 2269 abbas
1128 2237 1386 2278 commendande,

857 2284 1026 2316 Trinitatis
1050 2285 1251 2316 venerandae

858 2332 1028 2371 Speculum
1052 2332 1095 2364 da
1118 2330 1328 2371 contemplari

856 2379 900 2413 Et
922 2379 956 2410 in
980 2387 1092 2410 aevum
1118 2379 1282 2420 gratulari.
