1655 2573
147 211 179 244 2.
206 212 325 256 Gaude,
353 211 437 254 quia,
466 213 538 245 dum
563 212 688 255 flevisti,
878 213 998 255 Gaude,
1024 214 1146 252 lampas
1171 212 1334 254 luminosa,

200 260 424 295 Consolantem
447 262 479 291 te
503 260 622 293 audisti
876 261 925 292 Tu
948 258 1004 291 fax
1028 259 1143 292 ardens
1168 259 1317 299 gratiosa,

249 307 365 339 Vocem
388 307 515 339 missam
542 307 667 348 caelice,
923 307 1104 340 Tenebrosa
1128 314 1289 347 respuens,

174 396 177 399 ,
199 353 320 394 Gaude,
347 353 422 394 ‘luia
447 354 601 394 decepisti
817 365 848 397 4.
877 364 998 406 Gaude,
1023 363 1107 403 quod
1132 371 1189 395 nos
1216 361 1349 394 docuisti

202 400 404 438 Daemonem‚
433 402 506 433 dum
533 401 677 433 delevisti
877 412 938 443 pffl·
961 410 1089 453 scripta,
1118 418 1197 450 quae
1220 409 1374 448 renquisffi

247 450 413 481 Peccatum
440 457 477 480 ex
503 448 620 481 codice.
920 457 971 490 De
993 456 1057 489 fide
1082 457 1247 497 catholica,

143 505 175 536 Ἰ.
203 504 324 544 Gaude,
347 504 416 537 laus
442 504 536 536 totius
562 505 639 537 cleri
875 504 962 536 Audi
986 512 1094 535 servos
1118 507 1150 535 te
1174 507 1330 543 roganteS,

197 551 265 583 Nec
288 560 352 585 non
376 554 591 592 propugnator
615 552 690 593 veri,
874 552 917 583 Et
942 554 1014 589 post
1037 554 1169 582 mortem
1193 553 1226 581 te
1249 552 1374 582 orantes

244 598 343 630 Falsa
365 598 454 629 nulla
477 601 628 638 metuens,
921 597 993 630 Duc
1015 597 1058 630 ad
1081 606 1179 637 regna
1202 596 1329 629 caelica.

204 662 282 689 Orat.
304 671 356 689 ms.
376 662 563 689 Trudonense
589 669 664 689 saec.
688 660 730 690 16.
750 663 790 689 in.
825 661 893 689 cod.
913 661 1051 689 Leodien.
1072 659 1136 689 395.
1156 662 1190 690 A.
1211 677 1246 681 —
1268 662 1347 689 Orat.
1368 670 1420 689 ms.

123 707 198 726 saec.
223 697 265 727 15.
297 699 365 726 Cod.
385 699 600 727 Darmstadien.
627 697 690 727 964.
715 700 748 726 Β.
774 714 812 718 -
837 699 893 727 Str.
914 698 931 726 2
952 699 1025 726 fehlt
1043 698 1075 726 Β.
1095 714 1134 718 -
1153 695 1178 731 3
1199 697 1217 726 5
1236 700 1298 726 Fax
1318 699 1420 727 ardens

129 739 158 764 et
176 738 308 771 gratiosa
327 737 360 763 B.
382 751 418 756 —-
438 735 464 771 4,
488 734 502 764 1
524 738 574 772 qui
593 745 647 765 nos
666 738 700 765 Β.
752 736 806 770 -4,
830 735 846 764 5
866 736 909 764 Ut
926 739 994 773 post
1011 736 1071 763 AB.

557 827 619 859 180.
652 828 693 859 De
713 829 822 859 sancta
840 827 990 858 Barbara.

135 899 164 929 l.
193 896 313 935 Gaude,
339 896 482 928 Barbara
506 897 624 937 regina,
813 899 842 929 2.
871 896 991 935 Gaude,
1018 897 1101 936 quod
1126 900 1159 929 te
1184 897 1324 929 visitav1t

194 943 321 974 Summe
344 943 467 982 pollens
491 943 524 974 in
552 943 696 975 doctrina
871 943 1013 976 Christus
1039 944 1176 975 vinctam
1203 947 1233 976 et
1258 945 1380 976 curavit

239 990 353 1029 Angeli
376 988 544 1031 mysterio;
916 990 1029 1029 Plagas
1055 993 1128 1022 actu
1148 992 1298 1033 propri03

192 1035 313 1074 Gaude,
339 1036 428 1075 virgo
453 1036 520 1067 Deo
546 1040 645 1076 grata,
870 1036 992 1079 Gaude,
1017 1037 1091 1077 quia
1114 1038 1258 1069 meruisti

194 1083 280 1121 Quae
304 1083 474 1122 baptistam
500 1082 625 1114 imitata
869 1083 1055 1124 Impetrare,
1080 1085 1164 1123 quod
1188 1085 1307 1125 petisti,

236 1130 281 1161 Es
305 1130 338 1161 in
364 1129 447 1162 vitae
472 1130 586 1161 stadio.
916 1130 1021 1163 Dante
1045 1130 1106 1163 Dei
1130 1130 1206 1165 filio.

518 1187 549 1219 3.
576 1186 696 1228 Gaude,
722 1194 857 1226 namque
880 1187 1002 1219 elevata

573 1233 618 1265 Es
642 1233 675 1264 in
698 1233 818 1265 caelum
842 1236 873 1264 et
899 1232 1005 1265 delata

623 1279 785 1320 Completo
807 1281 969 1320 martyrio,

574 1328 621 1359 Te
644 1327 826 1359 laudantem
848 1325 1001 1358 familiam

572 1374 678 1406 Trahe
696 1377 770 1415 post
793 1377 826 1406 te
849 1374 891 1405 ad
915 1374 1048 1413 gloriam

619 1420 726 1453 Finito
752 1420 872 1454 exsilio.

196 1476 265 1503 God.
286 1476 412 1503 Parisiu.
435 1473 535 1504 11343.
556 1483 631 1503 saec.
649 1473 692 1503 15
708 1476 739 1503 Α.
762 1490 798 1494 -—
818 1475 917 1503 Horae
938 1476 1023 1503 divae
1041 1476 1076 1503 V
1089 1476 1129 1503 M.
1144 1483 1200 1503 sec.
1214 1484 1316 1503 verum
1330 1484 1416 1504 usum

120 1515 280 1541 Romanum
297 1514 366 1549 imp.
380 1513 504 1541 Pariaiis
521 1511 600 1541 1501.
615 1514 647 1540 Β.
661 1528 699 1532 -
720 1513 833 1542 Heures
849 1521 867 1540 a
879 1514 992 1549 lusaige
1006 1513 1041 1541 de
1053 1514 1270 1549 Romme.1mp.
1290 1513 1415 1541 Parisiis

120 1549 199 1579 1502.
222 1550 251 1578 C.
273 1564 310 1570 -—
333 1551 431 1578 Horae
451 1551 588 1587 deiparae
607 1551 641 1578 V.
662 1552 702 1578 Μ.
725 1559 779 1578 388,
799 1560 884 1579 usum
906 1553 1069 1580 Romanum
1096 1552 1165 1587 imp.
1185 1551 1309 1579 Par-isim
1332 1549 1413 1579 1519.

119 1590 153 1617 D
173 1604 209 1608 —-
233 1586 295 1622 1,1
319 1589 449 1617 Barbara
467 1589 569 1616 divina
588 1590 631 1623 D3
652 1590 785 1618 Barbara
802 1590 890 1617 beata
909 1589 965 1618 BG

552 1679 607 1711 181.
636 1680 679 1712 De
700 1681 809 1711 sancta
828 1680 979 1712 Barbara.

131 1751 161 1783 1.
189 1750 310 1788 Gaude,
336 1749 481 1782 Barbara
505 1759 625 1788 serena,
805 1754 836 1785 2.
864 1751 985 1794 Gaude,
1013 1752 1122 1792 planta
1146 1750 1253 1784 fructu
1277 1751 1382 1792 plena,

188 1797 284 1838 Virgo
309 1798 408 1838 patris
435 1806 526 1837 quam
554 1798 671 1830 effrena
861 1799 976 1831 Mundi
1001 1808 1146 1831 crescens
1171 1801 1207 1830 ut
1230 1799 1349 1831 harena

233 1845 305 1877 Non
329 1843 418 1876 flexit
441 1845 573 1885 insania,
909 1847 1035 1878 Meritis
1060 1849 1093 1878 et
1112 1846 1224 1886 gratia,

186 1891 307 1931 Gaude,
333 1892 487 1924 castitatis
513 1901 603 1933 vena,
863 1892 983 1935 Gaude,
1014 1896 1125 1934 mater,
1153 1902 1232 1934 quae
1257 1896 1384 1925 terrena

185 1938 350 1972 Foderunt
374 1949 391 1972 o
416 1949 508 1980 quam
534 1940 669 1972 obscena
862 1940 1003 1981 spernis,
1031 1940 1198 1982 temporali
1220 1950 1325 1980 poena

231 1986 355 2019 Saeculi
381 1988 534 2028 contagia.
907 1989 1102 2028 Comporans
1128 1988 1287 2021 caelestia.

469 2045 499 2077 3.
527 2043 647 2081 Gaude,
674 2053 790 2084 sponsa
813 2044 877 2076 iam
901 2045 934 2077 in
960 2053 1036 2077 cena

523 2090 638 2130 sponsi
662 2091 830 2132 degustans
855 2100 986 2125 amoena

568 2138 716 2171 Paradisi
739 2140 865 2179 gaudia,

520 2185 615 2219 Solve
640 2188 751 2226 culpae
775 2196 832 2219 nos
857 2189 968 2220 catena

519 2233 588 2266 Nec
612 2234 656 2266 sis
680 2234 771 2267 nobis
795 2235 899 2267 aliena

567 2282 682 2315 Mortis
706 2283 740 2315 in
768 2283 922 2323 angustia.

185 2345 263 2372 Orat..
277 2354 329 2373 ms.
350 2354 425 2375 saee-
439 2345 482 2374 15.
511 2346 579 2375 Cod.
595 2345 668 2376 7977
690 2348 741 2375 der
753 2344 784 2375 k.
798 2348 827 2376 k.
843 2348 1411 2377 Familien-Fideikommiss-Bibliothek

108 2382 205 2411 Wien.
226 2397 263 2402 —-
282 2382 308 2417 2,
328 2382 347 2411 4
368 2386 452 2412 Lies:
477 2387 589 2420 martyr
609 2387 705 2422 quae?

165 2433 276 2463 muna,
294 2434 336 2457 Pia
348 2435 490 2459 Dictamina.
1224 2433 1241 2461 7
