1655 2573
679 103 914 141 —57-

161 202 194 235 3.
220 201 385 244 Gaude,
411 201 490 235 felix
506 203 662 243 monialis,
846 204 877 235 4.

215 250 369 290 Simplex,
394 253 492 292 recta,
518 250 587 282 sine
610 250 712 292 malis,

216 296 363 329 Sanctam
386 297 477 329 nobis
503 307 559 330 ora
583 297 689 337 vitam,

217 344 318 376 Donis
343 343 405 376 Dei
428 345 482 376 hic
506 344 648 385 politam.

903 201 1027 242 Vale,
1052 200 1182 233 Martha
1204 203 1240 232 tu
1265 199 1391 237 dilecta,

905 248 983 282 Cibo
1009 248 1088 279 caeli
1113 256 1197 279 nunc
1220 246 1349 286 refecta,

904 296 955 328 Da
978 303 1062 327 nunc
1087 294 1245 327 Christum
1268 294 1431 333 hospitare

905 343 947 374 Et
973 351 1040 374 cum
1064 342 1135 382 ipso
1158 341 1344 381 perdurare.

515 499 578 531 140.
607 499 651 530 De
670 500 779 530 sancta
801 496 966 529 Elisabeth
986 496 1092 529 vidua.

160 590 191 624 1.
216 589 320 628 Ave,
346 597 419 620 rosa
444 587 654 627 {ingan-orum,

218 635 395 677 Elisabeth,
423 634 478 665 lux
502 633 664 676 iustorum,

218 682 268 713 Tu
290 683 428 722 patrona
451 679 667 722 A1manorum,

222 727 422 761 Consolatrix
445 726 641 759 miserorum.

161 806 193 838 2.
220 803 365 842 Salve,
391 806 494 835 mater
513 802 608 834 laude
634 802 738 842 digna,
841 801 872 833 5.

221 850 322 883 Nobis
348 858 474 889 semper
500 849 543 881 sis
568 848 713 888 benigna,

219 897 338 930 Christi
362 897 452 929 vultu
472 905 529 927 nos
555 895 712 936 consigna,

218 944 268 976 Ne
302 952 358 976 uos
383 944 491 976 laedat
513 951 598 974 mors
620 942 768 982 maligna.

159 1020 190 1052 3.
218 1019 376 1061 Gaude,
403 1027 519 1059 sponsa
541 1015 615 1049 Iesu
640 1016 769 1057 Christi,
841 1017 872 1048 6.

218 1065 328 1097 Luxus
352 1066 461 1097 mundi
485 1064 640 1104 abiecisti,

216 1113 360 1152 Regnum
385 1116 490 1144 terrae
516 1112 589 1143 dum
610 1110 769 1152 sprevisti,

216 1159 343 1192 Cunctis
369 1159 459 1191 bonis
486 1158 638 1192 claruisti.

379 1314 437 1346 141.
470 1313 618 1354 Sequitur
639 1314 753 1346 devota
774 1313 875 1345 oratio

158 1404 189 1438 1.
215 1404 320 1445 Ave,
347 1403 436 1444 virgo
460 1406 495 1434 tu
519 1402 696 1442 praeclara,
840 1403 870 1437 3.

213 1450 350 1492 Agatha,
377 1453 410 1482 et
431 1449 529 1482 valde
552 1459 660 1493 gnara,

214 1498 300 1536 Quae
321 1507 341 1530 a
366 1497 492 1530 Christo
518 1496 706 1539 confortata,

214 1544 384 1585 Nunquam
410 1553 446 1576 eo
469 1544 609 1578 viduata.

154 1624 187 1655 2.
214 1620 353 1662 Salve,
375 1623 521 1653 constans
535 1620 624 1660 virgo
639 1620 769 1662 Christi,
839 1621 871 1652 4.

213 1668 417 1708 Quintianum
442 1670 477 1699 tu
502 1668 661 1709 sprevisti,

211 1715 316 1747 Deum
340 1714 405 1748 fide
430 1715 568 1757 coluisti,

213 1763 276 1795 Pro
302 1771 363 1803 quo
387 1766 521 1794 mortem
545 1762 722 1802 suscepisti.

847 586 880 618 4.

905 585 1023 625 Vale,
1052 585 1131 616 caeli
1154 584 1352 628 imperatrix,

905 632 953 663 Tu
977 632 1010 663 in
1037 631 1159 663 damnis
1183 632 1228 663 sis
1252 632 1414 674 salvatriX‚

904 678 1028 719 Lapsae
1052 679 1166 710 mentis
1193 680 1381 719 reparatrix,

901 725 1023 756 Munda
1046 724 1108 756 Dei
1131 733 1188 757 nos
1214 726 1358 758 amatrix.

898 801 1001 843 Ave,
1028 803 1138 840 mater,
1165 800 1248 832 omni
1273 801 1352 833 hora

901 846 1042 879 Gratiam
1069 847 1109 879 de
1134 847 1221 879 caelo
1247 856 1330 890 rora,

899 894 1035 934 Protege
1057 903 1115 926 nos
1138 895 1207 926 sine
1231 903 1330 935 mora,

898 941 948 972 Ne
971 950 1028 973 nos
1053 941 1189 981 stringat
1212 942 1312 974 hostis
1337 942 1416 975 lora.

899 1016 1022 1058 Vale,
1050 1025 1173 1056 gemma
1198 1016 1375 1058 viduarum,

898 1063 962 1095 Ora
985 1070 1135 1103 sponsum
1160 1067 1248 1096 tuum
1274 1073 1392 1105 carum,

899 1109 1028 1142 Caelum
1050 1114 1088 1142 ut
1109 1111 1314 1155 introeamus,

898 1156 1030 1196 Semper
1054 1160 1157 1190 tecum
1184 1158 1390 1197 gaudeamus,

896 1312 935 1344 de
954 1314 1065 1345 sancta
1083 1313 1218 1354 Agatha.

898 1401 1058 1445 Gaude,
1084 1405 1187 1434 mater
1208 1401 1387 1444 sublimata,

897 1448 1007 1481 Gloria
1031 1448 1217 1493 glorificata,

896 1496 921 1528 Ο
946 1496 1080 1529 illustris
1105 1505 1222 1537 sponsa
1244 1497 1316 1538 Dei,

896 1542 1021 1576 Memor
1045 1547 1112 1576 esto
1134 1553 1261 1584 semper
1285 1544 1357 1577 mei.

899 1619 1019 1660 Vale,
1047 1620 1143 1651 decor
1168 1619 1364 1661 Catanensis,

900 1665 1032 1699 Gaudiis
1058 1666 1167 1700 fruens
1190 1668 1362 1708 immensis,

900 1713 1032 1746 Gratiae
1056 1724 1140 1747 nunc
1164 1723 1260 1757 posce
1287 1716 1381 1756 dona,

898 1760 967 1794 Fac
990 1770 1047 1795 nos
1074 1762 1185 1803 dignos
1211 1766 1242 1794 et
1268 1772 1392 1797 corona.

509 1918 573 1951 142.
600 1918 647 1951 Ad
665 1920 806 1951 sanctam
826 1919 951 1952 Luciam
970 1918 1081 1951 oratio.

151 2010 184 2043 1.
210 2009 316 2047 Ave,
341 2006 422 2041 felix
446 2017 465 2040 0
488 2007 599 2049 Lucia,
838 2009 871 2042 3.

210 2056 282 2090 Rex
303 2056 337 2089 in
363 2055 442 2089 caeli
464 2054 644 2089 hierarchia

210 2104 257 2137 Te
281 2104 321 2137 ab
346 2113 424 2137 aevo
448 2104 667 2145 praesignavit

210 2153 257 2186 Et
278 2151 313 2184 in
338 2160 487 2193 sponsam
513 2151 726 2185 subarrhavit.

212 2228 360 2272 Salve,
388 2228 488 2269 virgo,
516 2236 596 2268 quae
608 2229 770 2261 mundana
838 2228 870 2261 4.

211 2275 438 2318 Contempsisti
461 2278 493 2307 et
517 2274 664 2316 profana,

209 2323 370 2357 Christum
395 2327 509 2364 sponte
535 2332 567 2355 es
594 2323 749 2366 confessa,

211 2370 270 2405 Cui
294 2370 391 2404 fidem
417 2380 451 2404 es
475 2370 632 2412 professa.

896 2007 1060 2048 Gaude,
1085 2011 1208 2049 martyr
1232 2007 1412 2049 benedicta,

897 2054 1013 2089 Gladio
1038 2065 1118 2096 quae
1143 2064 1175 2087 es
1201 2054 1339 2096 adflicta,

895 2103 1015 2136 Nostra
1037 2112 1163 2144 semper
1185 2103 1228 2136 sis
1253 2103 1430 2144 protectrix

893 2150 939 2183 Et
959 2150 1066 2183 fidelis
1090 2152 1176 2183 vitae
1195 2152 1326 2185 rectrix.

895 2227 1020 2268 Vale,
1048 2227 1128 2259 caeli
1152 2236 1170 2260 ο
1193 2228 1334 2272 lucerna,

892 2276 980 2308 Luce
1003 2275 1145 2315 gaudens
1168 2285 1251 2309 nuuc
1275 2278 1418 2317 aeterna,

895 2323 985 2363 Roga
1008 2322 1099 2355 nobis
1125 2324 1327 2356 sanctitatem

896 2369 942 2403 Et
965 2373 1145 2403 sanctorum
1171 2370 1357 2405 claritatem.
