1655 2573
246 243 275 274 7,
301 237 351 271 Ne
376 237 495 271 carnali
518 237 648 278 spiritus

347 286 439 317 cedat
463 286 630 326 voluptati,

300 333 366 366 Nos
390 333 565 371 exemplum
589 333 740 371 provocet

347 379 499 419 principis
525 379 619 419 beati,

300 426 344 458 Et
367 429 402 457 ut
425 426 520 457 simus
545 426 638 457 liberi

348 482 367 504 a
389 473 458 512 lege
482 473 615 512 peccati,

299 519 374 551 Tuis
400 520 513 551 cedant
535 519 680 561 precibus

345 567 450 598 hostes
476 566 654 606 expugnati.

240 626 269 658 8.
296 623 341 655 Ut
367 622 519 662 probetur
542 622 679 661 pectoris

348 671 470 708 puritas
496 669 620 708 sinceri,

302 716 447 748 Rutilans
471 715 626 747 illustrius

347 763 418 794 luce
443 763 518 794 solis
542 763 619 801 veri,

303 810 364 842 Per
388 811 490 849 ipsum
515 809 657 840 absentia

348 857 464 896 gaudes
487 856 613 895 intueri,

302 903 394 935 Cuius
418 902 475 933 sub
500 902 679 941 praesentia

351 953 462 981 cuncta
487 951 609 980 constat
632 948 709 988 geri.

243 1009 272 1040 9.
299 1006 328 1038 A
354 1006 482 1037 remotis
507 1005 624 1044 positos

346 1054 466 1091 septem
493 1052 681 1083 dormientes

300 1099 426 1138 Aspicis
451 1102 524 1138 post
547 1098 673 1129 saecula

345 1146 444 1177 multa
467 1154 501 1176 se
525 1146 695 1183 moventes,

298 1192 397 1224 Vultu
419 1192 509 1223 vides
531 1191 660 1230 placido

347 1239 468 1277 longius
498 1238 653 1273 absentes,

301 1285 420 1316 Ducem
445 1285 553 1316 classis
578 1284 696 1315 Daciae

346 1330 458 1363 fluctus
483 1331 697 1363 absorbentes.

220 1390 273 1421 10.
299 1388 417 1419 Mentis
438 1396 575 1427 purgans
600 1387 700 1418 aciem

346 1434 446 1466 redde
469 1433 692 1475 perspicacem,

299 1480 407 1512 Hostis
434 1480 510 1512 dans
535 1479 669 1511 evadere

349 1527 451 1559 dolum
477 1526 682 1567 pervicacem,

300 1574 356 1613 Qui
384 1573 487 1605 cordis
513 1576 544 1604 et
569 1572 709 1612 corporis

345 1620 428 1660 piam
452 1620 560 1651 turbat
580 1628 699 1661 pacem,

300 1667 384 1698 Dum
410 1675 531 1698 carnem
559 1666 684 1705 spiritui

347 1714 455 1745 reddit
478 1716 699 1746 contumacem.

221 1772 274 1804 11.
300 1770 396 1809 Quem
418 1769 487 1808 ipse
510 1777 588 1808 prae
613 1769 722 1800 ceteris

347 1818 435 1849 Iesus
463 1816 622 1857 diligebat,

301 1863 430 1895 Dulcius
457 1863 644 1901 discipulum

348 1910 480 1949 diligens
505 1909 669 1953 gaudebat,

976 236 1028 274 Et,
1057 246 1148 277 quem
1174 234 1262 276 virgo
1286 234 1439 276 virginem

1021 284 1111 323 sequi
1133 283 1307 324 satagebat,

977 330 1125 362 Iohannis
1152 330 1312 363 dulcedini

1024 380 1108 408 totus
1132 377 1326 410 inhaerebat.

943 458 949 465 .
977 432 1060 464 Huic
1086 441 1159 473 ergo
1184 432 1242 463 sub
1267 432 1373 471 specie

1022 479 1182 519 peregrini
1208 479 1299 510 datus

975 528 1006 558 A
1029 527 1159 558 remotis
1184 526 1318 557 annulus

1022 574 1107 605 redit
1130 572 1318 612 resignatus,

974 621 1021 653 Ut
1043 629 1102 660 per
1127 621 1186 652 hoc
1211 620 1342 660 eluceat,

1023 676 1116 707 quam
1139 668 1181 699 sit
1204 666 1272 698 Deo
1298 669 1407 706 gratus

974 714 1083 746 Mente
1107 714 1227 746 micans
1254 713 1371 753 dapsili

1024 762 1127 792 carnis
1153 760 1337 792 caelibatus.

942 841 949 848 .
976 816 1102 848 Gaudet
1125 825 1181 849 rex
1205 816 1247 847 ad
1272 817 1401 856 gloriam

1022 863 1138 895 Christi
1162 865 1275 895 cuncta
1304 871 1426 904 gerens,

976 911 1062 949 Quae
1087 913 1160 943 sunt
1183 910 1266 946 Iesu,
1293 910 1432 950 sedulus,

1021 957 1093 989 Non
1118 965 1197 997 quae
1222 965 1289 996 sua,
1316 965 1480 998 quaerens,

973 1004 1061 1042 Quod
1088 1007 1120 1035 et
1143 1003 1281 1043 probans
1305 1003 1400 1035 latius

1020 1051 1122 1082 sancti
1146 1050 1272 1082 laudem
1297 1059 1405 1082 serens

975 1098 1170 1129 Praesularis
1195 1097 1345 1129 marmori

1020 1144 1150 1176 baculus
1176 1144 1361 1176 adhaerens.

942 1225 948 1232 .
977 1201 1028 1231 Ad
1053 1200 1139 1232 beati
1162 1200 1318 1240 praesulis

1023 1247 1155 1287 gloriam
1180 1247 1313 1286 accedit,

974 1294 1062 1333 Quod
1088 1294 1190 1325 libens
1215 1294 1390 1325 sententiae

1021 1341 1166 1380 synodali
1193 1340 1287 1380 cedit,

976 1387 1038 1419 Sed
1063 1387 1096 1418 in
1123 1396 1218 1419 causa
1241 1388 1343 1426 pietas

1021 1434 1109 1473 regia
1133 1434 1308 1476 praecedit,

976 1480 1171 1513 Conservans
1196 1480 1371 1521 benignius,

1020 1527 1104 1566 quod
1126 1528 1262 1567 benigne
1291 1528 1391 1562 dedit.

941 1608 947 1615 .
974 1582 1019 1615 Ut
1042 1583 1196 1615 laetemur
1220 1583 1348 1616 interim

1017 1632 1049 1660 te
1073 1632 1201 1670 regente
1224 1631 1295 1674 tuti,

974 1677 1121 1716 Tuorum,
1147 1685 1204 1709 rex
1229 1678 1348 1719 inclite,

1022 1725 1172 1764 prospice
1196 1725 1301 1768 saluti,

975 1770 1021 1802 Ut
1044 1771 1117 1810 agni
1143 1771 1277 1811 vestigia

1022 1819 1160 1850 moribus
1185 1819 1285 1850 secuti

975 1863 1070 1896 Stolis
1094 1868 1195 1897 tecum
1224 1866 1368 1899 candidis

1021 1912 1211 1951 splendeant
1232 1913 1347 1948 induti

282 1993 360 2020 Orai.
380 2001 432 2019 ms.
453 1993 645 2028 Anglieanum
665 2000 739 2020 saec.
771 1990 814 2019 13.
856 1993 925 2021 God.
955 1995 1118 2023 Londineu.
1139 1996 1187 2023 Ar.
1208 1994 1272 2024 201.
1293 2012 1331 2016 —
1351 1997 1378 2032 5,
1399 1998 1415 2025 7
1439 1999 1502 2027 des-

205 2031 400 2067 1›0ndens.—
426 2028 451 2060 6
472 2029 489 2057 5
509 2032 727 2058 Hi‹=inte1.-
749 2028 774 2065 7,
796 2029 812 2056 7
833 2031 902 2058 Lies
922 2031 1009 2059 Suis?
1030 2048 1066 2052 —
1089 2032 1130 2068 12,
1155 2033 1169 2061 1
1191 2034 1259 2061 Lies
1280 2035 1360 2062 Huic
1380 2038 1471 2072 ergo?

620 2168 679 2200 152.
711 2167 754 2199 De
773 2168 916 2201 Eduardo
939 2169 1084 2209 Martyre.

221 2248 251 2282 1,
279 2247 309 2278 A
330 2247 464 2278 carnalis
489 2247 632 2278 sarcinae

324 2294 406 2325 curis
432 2294 597 2333 expeditus

275 2341 320 2374 Et
341 2341 374 2372 in
399 2341 486 2381 regni
510 2341 618 2381 requie

322 2389 512 2428 sempiterna
539 2388 626 2432 situs,

952 2248 1018 2280 Piis
1042 2250 1255 2283 invocantium

998 2297 1079 2328 votis
1105 2297 1273 2338 expetitus,

949 2343 1019 2375 Rex
1042 2343 1213 2384 Edwarde,
1240 2346 1370 2379 subveni

997 2392 1097 2423 nostri
1118 2401 1180 2425 non
1208 2392 1334 2426 oblitus.
