1655 2573
742 150 975 185 —26-

215 242 262 272 22.
295 240 409 282 Incipit
432 241 643 282 pulcherrima
671 243 702 273 et
728 241 928 273 devotissima
955 243 1055 273 oratio
1081 239 1244 280 rignatiee
1273 238 1441 280 composita
1467 236 1504 269 de

263 289 448 321 intemerata
469 292 500 321 et
518 289 550 320 in
572 290 732 321 aeternum
751 289 924 327 benedicta,
945 288 1173 329 gloriosissima
1193 288 1318 327 virgine
1339 286 1453 318 Maria.

415 337 573 377 genetrice
593 336 806 376 redemptoris.
828 336 946 367 Domini
965 335 1066 367 nostri
1084 335 1154 366 Iesu
1175 334 1298 366 Christi.

899 417 929 448 3.
957 414 1115 453 Gaude,
1140 414 1228 454 virgo
1253 412 1432 453 singularis,

956 461 1058 501 Super
1082 469 1188 492 omnes
1212 463 1247 491 tu
1271 460 1423 498 laudaris

954 509 1043 540 Inter
1071 511 1198 539 cunctos
1221 516 1254 538 es
1281 507 1406 546 decora,

956 554 1099 587 Gratiam
1122 555 1156 586 in
1180 554 1271 585 nobis
1296 562 1379 585 rora.

954 611 1073 650 Vale,
1099 611 1187 650 virgo
1214 610 1362 648 exaltata,

954 658 1056 697 Super
1081 666 1186 689 omnes
1211 657 1278 688 Deo
1304 660 1405 697 grata,

284 704 419 743 Spiritus
444 707 476 735 te
500 703 690 742 fecundavit.
952 705 1019 736 Mei
1044 713 1168 744 semper
1192 704 1354 745 miserere,

283 751 373 783 Omni
400 751 480 782 dono
506 752 678 783 exornavit.
952 751 1070 783 Tecum
1098 759 1223 789 semper
1249 751 1289 782 da
1313 758 1451 782 manere.

612 808 636 839 O
660 807 775 846 Maria,
801 808 889 847 virgo
914 808 977 849 pia,

610 854 672 886 Me.
689 863 772 885 nunc
794 855 883 887 salva
907 854 960 885 hic
982 854 1014 884 in
1040 853 1102 884 via.

227 417 256 448 1.
281 417 384 456 Ave,
409 415 521 448 florum
544 414 602 447 flos
626 416 741 457 Mada,

282 463 366 494 Laus
390 463 429 494 ab
455 463 539 494 omni
557 462 736 494 hierarchia

283 509 356 540 Tibi
381 510 474 541 datur
496 509 537 540 ad
562 509 720 546 honorem,

284 555 371 586 Tuae
394 556 493 595 prolis
520 556 560 587 da
584 564 732 587 amorem.

227 613 256 645 2.
284 611 427 651 Salve,
453 611 569 643 Christi
592 611 654 642 Dei
676 614 786 650 mater,
896 613 927 644 4.

283 658 330 689 Te
354 658 448 697 elegit
471 658 557 689 Deus
581 663 683 697 pater,

612 972 658 1002 23.
689 971 760 1002 Alia
781 972 880 1003 oratio
902 972 939 1003 de
958 972 1097 1003 Domina.

895 1043 925 1074 3.
954 1041 1097 1081 Gaude,
1114 1041 1229 1073 montis
1245 1041 1362 1072 ardens
1377 1040 1501 1079 dumus,

952 1089 1108 1120 Salutaris
1132 1088 1219 1120 vitae
1242 1088 1366 1127 humus,
1414 1086 1422 1091 “

954 1135 1088 1167 Gestaris
1112 1143 1227 1174 panem
1252 1134 1445 1175 angelorum,

952 1182 1005 1213 Ad
1029 1182 1168 1213 solamen
1192 1182 1389 1213 miserorum.

952 1239 1075 1278 Vale,
1108 1237 1260 1269 trinitatis
1284 1237 1405 1278 hortus,

952 1286 1157 1317 Peccatorum
1182 1283 1261 1316 felix
1286 1286 1407 1323 portus,

284 1330 417 1361 Portans
442 1330 532 1361 nobis
557 1331 644 1369 pacis
668 1340 800 1364 ramum.
954 1333 978 1364 O
1002 1332 1120 1373 Maria,
1146 1340 1197 1362 me
1218 1334 1317 1373 tuere,

283 1376 391 1406 lIustis
417 1377 469 1415 qui
495 1377 611 1408 collisit
633 1378 769 1411 hamum.
952 1379 1095 1418 Regnum
1122 1378 1200 1410 caeli
1225 1377 1278 1409 fac
1300 1376 1428 1409 habere.

618 1433 735 1464 Tecum
758 1442 882 1473 semper
908 1435 948 1465 da
970 1435 1093 1474 laetari,

616 1480 647 1510 A
671 1483 703 1510 te
726 1489 883 1519 nunquam
904 1482 1055 1520 separari.

226 1041 256 1072 1.
281 1042 383 1080 Ave,
409 1044 509 1073 mater
534 1042 711 1080 salvatoris,

283 1087 307 1118 O
331 1088 445 1127 Maria,
469 1087 527 1120 flos
550 1089 688 1128 honoris,

281 1133 406 1173 Expers
430 1138 630 1173 peccatorum
655 1134 753 1175 faece,

281 1180 336 1211 Me
359 1184 393 1211 tu
416 1181 534 1212 munda
558 1184 668 1213 sancta
689 1190 793 1221 prece.

228 1238 259 1270 2.
286 1237 427 1278 Salve,
454 1237 551 1277 virgo,
578 1236 692 1269 florens
717 1247 800 1273 rosa,
894 1240 927 1272 4.

283 1283 330 1314 Tu
355 1284 438 1315 oliva
461 1284 614 1324 speciosa,

524 1595 571 1625 24.
603 1596 751 1635 Sequitur
772 1597 885 1628 devota
907 1597 1007 1628 oratio
1028 1596 1193 1636 rigmatice

562 1643 727 1682 composita
748 1643 785 1675 de
805 1644 956 1684 angelicis
978 1644 1149 1684 spiritibus.

226 1720 256 1752 1.
282 1721 429 1758 Avete‚
456 1723 562 1752 coetus
586 1723 776 1761 angelorum,

894 1726 923 1757 3.
952 1724 1037 1755 Gau
1050 1725 1069 1756 d
1079 1727 1166 1764 ete,
1195 1725 1289 1756 duces
1315 1726 1477 1765 regionum

283 1767 364 1805 Quos
383 1765 578 1799 confirmavit
593 1777 651 1799 rex
668 1770 822 1801 caelorum

950 1771 994 1802 Et
1017 1774 1135 1803 stantes
1160 1773 1234 1803 ante
1257 1772 1318 1804 Dei
1339 1773 1498 1813 thronum,

283 1813 335 1843 Ad
360 1821 436 1844 suae
458 1814 562 1846 laudis
586 1815 781 1848 maiestatem

282 1858 327 1890 Et
349 1859 507 1891 hominum
535 1860 729 1897 felicitatem.

227 1917 257 1949 2,
285 1914 473 1956 Salvete,
506 1918 606 1949 nostri
638 1923 824 1959 purgatores
896 1923 927 1955 4.

283 1962 327 1993 Et
351 1971 496 1994 sensuum
519 1964 739 2006 illustratores,

285 2009 442 2041 Ardentes
466 2020 586 2043 summa
610 2013 750 2053 caritate,

283 2055 438 2087 Lucentes
462 2067 541 2096 pura
566 2060 709 2094 veritate.

953 1819 1015 1850 Vos
1030 1818 1121 1850 decet
1130 1819 1200 1850 laus
1211 1828 1280 1850 cum
1290 1829 1409 1851 summo
1418 1820 1499 1862 Deo,

952 1865 1046 1896 Hunc
1070 1868 1199 1897 exorate
1222 1876 1281 1907 pro
1306 1875 1357 1898 me
1381 1876 1445 1899 reo.

952 1922 1120 1962 Valete,
1148 1923 1229 1955 caeli
1252 1924 1451 1963 principatus

953 1969 998 2000 Et
1021 1970 1121 2001 omnis
1146 1970 1224 2002 ordo
1249 1971 1317 2003 Deo
1342 1974 1461 2014 gratus,

955 2016 1024 2047 Hoc
1034 2017 1126 2048 nobis
1138 2026 1264 2057 semper
1272 2018 1499 2059 supplicantes,

958 2063 1001 2095 Ut
1025 2063 1121 2095 simus
1147 2065 1236 2096 vobis
1266 2070 1499 2105 corregnantes.

580 2178 627 2207 25.
657 2177 762 2208 Oratio
783 2179 915 2210 secunda
937 2180 975 2211 ad
994 2181 1136 2221 Angelos.

227 2246 258 2276 1.
284 2246 435 2288 Avete‚
461 2247 562 2278 sancti
588 2248 698 2289 angeli,
897 2252 927 2283 2.

283 2292 423 2323 Virtutes
448 2296 479 2323 et
503 2293 692 2337 archangeli,

283 2340 347 2371 Vos
372 2339 477 2371 throni
502 2344 595 2380 atque
620 2341 796 2380 Cherubim,

283 2386 396 2418 Omnes
423 2387 508 2419 chori
534 2396 603 2420 cum
629 2388 803 2429 Seraphim.

954 2250 1142 2293 Salvam,
1169 2255 1282 2285 summi
1307 2255 1433 2298 milites,

952 2297 1065 2329 Estote
1087 2299 1179 2331 nobis
1203 2301 1331 2333 comites

953 2344 1072 2377 Contra
1095 2344 1224 2378 fraudes
1248 2350 1450 2388 temptatoris

952 2391 1064 2432 Nocte,
1091 2393 1151 2434 die,
1178 2396 1299 2427 cunctis
1325 2397 1422 2432 horis.
