1655 2573
482 458 535 490 10.

482 859 537 893 11.

479 1261 533 1295 12.

474 1667 528 1699 13.

470 2073 525 2107 14.

693 144 946 180 -195—

566 242 718 274 Rostrata
742 242 820 274 ratis
844 244 880 273 tu
903 241 1050 279 triremis,

563 289 612 320 Tu
640 289 747 321 trieris
773 292 804 320 et
829 288 1048 328 quadriremis,

563 336 613 367 Tu
637 334 726 368 sca-fa
750 336 842 368 velox
866 344 898 366 es
923 334 1062 378 biremis,

612 382 776 414 Strumosa
800 382 926 414 sulcans
951 390 1096 422 aequora.

563 455 713 491 Ortorum
737 456 809 489 fons
834 459 868 488 tu
892 465 967 489 vere
991 459 1099 496 gratus

562 505 615 536 Ad
640 504 837 544 irrigandum
861 504 969 535 hortos
997 503 1098 544 datus,

562 551 611 583 Tu
634 554 747 591 puteus
771 559 922 590 aquarum
944 550 1028 581 latus

612 598 690 630 Cum
713 598 833 636 impetu
856 595 1029 636 fluentium,

563 646 601 677 In
625 643 748 675 Libano
774 646 809 675 tu
834 644 973 674 exaltata

563 691 608 722 Es
635 691 758 733 cedrus,
784 692 820 721 tu
845 698 1011 729 cupressus
1034 690 1110 731 lata,

564 737 613 769 Tu
636 737 846 776 platanusque
872 736 1005 768 dilatata

612 784 658 816 Es
681 784 715 815 in
738 784 853 823 plateis
879 783 1027 823 gentium.

562 856 601 892 In
625 858 772 890 machina
796 856 1002 890 confessionis

560 906 623 937 Pro
647 904 714 937 filia
739 904 937 938 contritionis

563 953 758 992 Expugnans
783 959 889 984 arcem
912 951 1077 983 Babilonis

606 999 655 1030 Tu
677 998 754 1031 fidei
777 997 956 1036 fundibula,

558 1046 608 1078 Tu
631 1045 745 1077 thorax
769 1043 857 1077 facta
879 1053 974 1076 manu
998 1044 1070 1084 Dei,

558 1092 675 1126 Lorica
699 1091 790 1124 firma
811 1094 846 1122 tu
872 1100 904 1123 es
930 1091 1008 1131 spei,

558 1140 769 1179 Triumphant
790 1138 825 1169 in
850 1147 911 1177 qua
932 1137 1126 1179 Maccabaei‚

606 1186 657 1218 Tu
681 1185 895 1225 Ionathaeque
918 1183 1025 1216 fibula.

561 1258 817 1295 orthodoxorum
844 1260 980 1292 civitatis

560 1309 609 1340 Tu
637 1316 744 1339 murus
770 1315 803 1338 es
827 1307 1018 1348 securitatis,

558 1355 687 1387 Seratus
713 1354 802 1386 clave
825 1354 979 1393 veritatis,

604 1402 653 1434 Tu
677 1400 774 1432 turris
799 1399 1006 1439 fortitudinis,

557 1449 607 1481 Tu
629 1448 782 1487 templum
806 1456 839 1479 es
860 1447 1062 1490 virginitatiS,

556 1496 606 1528 Tu
630 1495 743 1527 solium
769 1494 955 1536 divinitatis,

557 1542 744 1574 Triclinium
765 1543 800 1572 tu
824 1540 987 1582 trinitatis,

602 1590 651 1622 Tu
678 1590 787 1621 domus
812 1588 1044 1621 sanctitudinis.

555 1663 719 1699 Humanae
742 1663 812 1703 spei
835 1665 871 1694 tu
895 1663 1055 1703 vexillum,

552 1711 737 1745 Defendens
760 1720 908 1751 magnum
933 1713 964 1742 et
987 1711 1147 1753 pusillum,

554 1760 722 1798 hermem,
749 1758 860 1790 orbum
885 1760 917 1789 et
938 1758 1104 1803 pupillum,

599 1807 649 1838 Tu
675 1806 817 1845 clippeus
844 1808 876 1836 et
899 1805 998 1848 galea,

552 1854 601 1885 Tu
625 1852 718 1885 firma
741 1853 884 1892 praedux
909 1861 942 1883 es
968 1853 1118 1896 cohortis,

551 1901 600 1933 Tu
628 1900 859 1940 propugnatrix
884 1908 959 1931 vere
981 1898 1087 1940 fortis,

552 1949 601 1980 Tu
626 1956 659 1979 es
680 1948 714 1978 in
739 1947 814 1978 ludo
839 1949 967 1978 nostrae
991 1947 1087 1978 sortis

599 1994 807 2027 Scacabulum
830 1996 863 2025 et
886 1994 964 2028 alea.

550 2069 687 2112 Augusti
711 2070 788 2103 solis
812 2072 847 2101 tu
872 2069 1037 2110 quadriga,

550 2120 599 2151 Tu
626 2118 715 2158 dupli
738 2126 848 2150 cursus
872 2117 968 2149 lunae
991 2117 1074 2158 biga,

549 2167 598 2199 Tu
622 2168 702 2205 rota,
730 2174 840 2196 currus
866 2167 898 2196 et
921 2165 1041 2205 auriga,

598 2214 647 2246 Tu
670 2213 775 2245 orbita
798 2212 949 2254 iustitiae,

547 2261 716 2300 Nauclera,
742 2260 850 2301 barca,
875 2262 911 2292 tu
936 2260 1054 2300 carina,

546 2309 712 2349 Phaselus‚
743 2308 894 2341 carbasus
919 2309 1044 2349 aquina,

546 2360 596 2392 Tu
620 2365 736 2397 remus,
761 2364 870 2388 remex
893 2356 1028 2388 tendens
1053 2356 1128 2397 lina,

591 2406 641 2438 Tu
664 2406 776 2444 portus
803 2412 835 2435 es
859 2403 1013 2435 laetitiae.

1226 2458 1282 2488 13·
