1655 2573
744 112 977 150 „42³

632 209 677 240 85.
707 208 751 239 Ad
771 207 909 239 sanetum
927 202 1089 236 Nicasium.

231 279 260 311 1.
286 281 389 322 Ave,
416 281 452 310 tu
475 279 584 311 Nicasi
610 278 711 317 digne,
899 277 930 308 3.
958 273 1117 315 Gaude,
1147 272 1220 305 boni
1243 275 1356 313 potens
1384 269 1485 306 dator,

284 325 497 357 Inflammatus
521 325 582 357 Dei
606 324 688 363 igne,
959 319 1044 352 Clari
1068 321 1153 351 visus
1178 320 1221 351 sis
1246 321 1369 361 allator,

286 372 333 403 Te
355 380 438 404 nunc
461 372 556 404 laudo
585 372 690 410 corde,
716 379 771 401 ore
957 366 1012 399 Me
1033 375 1097 398 non
1122 375 1254 406 spernas
1284 371 1317 398 te
1342 366 1505 406 colentem,

286 419 453 450 Oculorum
475 427 534 457 pro
558 417 737 457 splendore.
957 415 995 446 In
1019 415 1052 444 te
1075 412 1199 444 firmam
1223 422 1312 452 spem
1324 413 1505 446 habentem,

230 475 262 506 2.
289 474 433 510 Salve,
459 476 588 515 martyr,
615 472 668 511 qui
689 472 830 510 privatus
900 472 933 503 4.
959 469 1079 505 Vale²
1105 471 1214 500 sancte
1237 479 1322 501 nunc
1346 468 1490 510 antistes,

287 520 403 561 Oculis,
429 520 485 550 sed
510 520 556 550 nil
580 518 734 561 tristatus,
959 516 1005 549 Te
1029 524 1173 555 rogamus
1198 524 1282 547 nune
1307 515 1436 547 assistes

288 566 404 597 Laetus
428 574 560 604 poenam
586 565 751 603 suscepisti
958 561 1094 594 Nostrae
1117 562 1215 605 preci,
1241 566 1278 594 ut
1301 563 1460 594 salvemur

288 612 331 644 Et
356 620 502 644 eoronam
525 611 678 643 meruisti.
958 609 1089 648 Semper
1114 612 1220 641 tecum
1244 612 1276 640 et
1299 610 1464 642 laetemur.

493 719 539 750 86.
568 718 614 750 Ad
633 720 772 750 sanctum
793 717 895 749 Vitnm
913 718 1085 755 martyrem
1108 718 1221 749 oratio.

227 799 257 832 1.
283 799 379 830 Ave.
408 800 540 840 martyr,
565 801 673 830 sancte
696 799 778 841 Vite,
897 800 928 831 3.
955 797 1116 838 Gaude,
1142 798 1216 838 quia
1239 797 1379 829 micuisti

284 846 366 877 Fide
389 844 512 884 pollens
536 844 628 877 valde
652 845 722 885 rite,
956 845 1059 884 Signis
1084 845 1188 883 claris,
1216 845 1290 876 dum
1315 844 1432 884 vixisti,

283 892 335 923 Da
357 893 483 931 gustare
506 891 611 922 vinum
636 891 728 934 vitae,
952 891 997 923 Et
1019 900 1103 923 nunc
1129 892 1233 923 caelos
1257 891 1407 931 introisti,

288 938 377 976 Quod
402 946 420 969 a
446 937 569 969 Christo
593 935 663 969 fluit
686 938 760 971 vite.
957 938 1075 971 Christi
1099 939 1221 970 vultum
1245 938 1405 970 invenisti.

227 995 258 1025 2.
285 993 427 1032 Salve,
451 1001 530 1032 puer
554 992 721 1033 animosus,
898 997 929 1027 4.
955 994 1077 1032 Vale,
1103 994 1164 1026 Dei
1188 996 1224 1025 tu
1249 995 1377 1037 athleta,

286 1040 395 1071 Mente
419 1040 512 1071 valde
535 1047 714 1080 generosus,
956 1040 1021 1072 Nos
1047 1042 1088 1073 ad
1114 1041 1194 1073 caeli
1219 1041 1280 1072 duc
1304 1043 1419 1080 roseta,

284 1087 322 1118 111
348 1087 464 1118 virtute
488 1087 657 1125 speciosus,
954 1088 1033 1120 Frui
1056 1087 1124 1120 Deo
1148 1090 1254 1119 mente
1277 1088 1362 1120 laeta

285 1132 334 1163 Sis
358 1133 399 1164 ad
423 1131 523 1164 Deum
549 1133 714 1172 gratiosus.
956 1134 1169 1174 Contemplari
1195 1137 1226 1165 et
1250 1138 1381 1166 secreta.

514 1241 558 1271 87.
590 1239 694 1272 Oratio
716 1240 849 1272 secunda
870 1242 909 1272 ad
928 1242 1068 1273 sanctum
1088 1242 1202 1273 Vitum.

231 1310 260 1341 1.
286 1309 365 1351 Ave,
391 1311 512 1347 martyr
535 1309 678 1349 gloriose,
899 1312 930 1343 5.
957 1310 1098 1342 Tandem
1121 1311 1245 1351 pollens
1271 1312 1392 1344 cunetis
1415 1312 1507 1345 bonis

332 1355 405 1386 Vite
428 1355 615 1396 praeeleete,
1004 1356 1133 1390 Caelum
1155 1357 1306 1399 introisti,

285 1401 438 1433 Floruisti
461 1401 610 1443 virtuosess
956 1402 1018 1436 Ubi
1044 1404 1156 1443 plenus
1181 1404 1243 1436 Dei
1269 1406 1359 1437 donis

334 1448 411 1480 Cum
434 1447 542 1478 vixisti
564 1449 659 1480 reete.
1002 1450 1087 1482 Mira
1109 1451 1269 1483 invenisti.

232 1505 263 1535 2.
291 1502 435 1534 Grandes
459 1511 575 1543 poenas
599 1505 634 1534 tu
657 1504 767 1535 subisti
899 1507 930 1538 6.
957 1507 1055 1546 Roga,
1081 1510 1212 1547 martyr,
1238 1508 1411 1546 puritatem

336 1549 404 1581 Deo
427 1554 460 1579 te
483 1548 636 1592 firmante,
1004 1552 1153 1592 Corporis
1177 1556 1211 1584 et
1232 1556 1347 1587 mentis

288 1596 414 1627 Manum
440 1604 546 1627 sanam
570 1596 710 1628 tribuisti
956 1599 1001 1631 Et
1025 1600 1150 1632 virtutis
1174 1600 1351 1634 ubertatem

335 1643 435 1674 Hoste
459 1645 491 1673 te
515 1645 653 1682 rogante.
1004 1646 1109 1678 Vitam
1134 1645 1353 1691 exorna[n]tis‚

234 1705 249 1729 Ἀ·
287 1697 348 1728 Dei
373 1699 472 1729 virtus
498 1699 738 1737 demonstratur,
901 1704 931 1735 7.
958 1704 1001 1737 Ut
1025 1712 1082 1734 nos
1106 1712 1188 1743 pura
1211 1708 1316 1736 mente
1340 1715 1463 1737 sursum

333 1744 460 1776 Patrem
486 1745 558 1776 dum
583 1746 710 1785 sanasti,
1006 1750 1164 1782 Possimus
1189 1751 1307 1790 volare,

294 1791 390 1823 Satan
413 1791 524 1830 procul
548 1794 623 1823 tuno
647 1790 783 1834 fugatur,
959 1796 1021 1828 Dei
1044 1797 1155 1829 laudes
1179 1802 1253 1836 post
1278 1799 1363 1831 huno
1384 1808 1510 1831 cursum

335 1837 434 1869 Deum
461 1846 529 1869 (11111
554 1839 660 1870 orasti.
1005 1842 1137 1883 Semper
1162 1845 1341 1887 decantare,

231 1894 263 1924 4.
290 1893 410 1925 Poenas
434 1893 516 1932 ignis
542 1897 571 1926 et
596 1895 717 1926 leonem
902 1900 932 1932 8.
957 1898 1001 1931 Et
1026 1908 1094 1931 eum
1121 1901 1224 1932 choris
1249 1903 1431 1942 angelorum

333 1940 417 1972 Fide
443 1940 596 1981 devicisti,
1008 1946 1126 1979 Sedule
1149 1948 1296 1992 gaudere,

288 1986 397 2018 Hostis
422 1987 521 2018 minas
547 1991 579 2019 et
601 1997 781 2020 mueronem
960 1993 1079 2032 Regem
1102 1994 1212 2026 mundi
1236 1997 1268 2026 et
1293 1997 1450 2028 caelorum

336 2032 424 2065 Nihil
448 2034 589 2067 timuisti.
1007 2039 1126 2079 Iugiter
1151 2040 1271 2074 videre.

387 2141 433 2171 88.
463 2140 509 2171 Ad
529 2142 666 2173 sanctum
686 2144 887 2176 Eustachium
909 2145 1038 2177 devotus
1058 2147 1177 2187 rigmus
1199 2149 1347 2188 sequitur.

232 2211 262 2243 1.
287 2209 391 2251 Ave,
414 2208 492 2241 felix
518 2211 671 2253 militariS,
907 2217 938 2248 2.
965 2215 1106 2255 Salve,
1131 2220 1254 2256 martyr
1278 2219 1437 2260 specialis,

289 2257 313 2288 O
337 2256 500 2295 Eustachi,
527 2257 579 2297 qui
600 2258 723 2289 vocaris
964 2262 1122 2294 Inauditis
1147 2265 1255 2296 mundi
1285 2267 1376 2298 malis

289 2304 385 2335 Pater
411 2306 540 2335 sanetae
561 2304 700 2344 pietatis,
963 2307 1077 2342 Multis
1103 2311 1193 2342 annis
1217 2320 1250 2343 es
1277 2314 1439 2358 probatus,

287 2350 417 2382 Miseris
444 2350 522 2384 dans
548 2352 629 2382 dona
654 2352 764 2391 gratie.
961 2354 1103 2387 Tandem
1129 2358 1205 2389 inde
1229 2365 1406 2395 revocatus,
