1655 2573
187 475 266 508 157.

188 822 265 856 158.

183 1173 260 1204 159.

184 1473 262 1506 160.

180 1862 258 1894 161.

182 2158 260 2190 162.

694 129 949 165 —217—r-

290 220 437 261 Triginta
472 226 596 264 tompus
631 225 704 256 dum
738 235 793 257 an-

568 280 679 303 norum

292 315 497 349 Transcurrit
530 320 624 357 atque
655 328 793 359 nongen-

567 366 671 397 torum

338 409 375 441 In
400 419 479 449 pace
503 412 600 443 vitam
620 411 792 444 terminat?

293 474 348 506 Sic
355 474 432 507 Seth
439 478 791 519 cessantepatrisluctu,

289 521 340 553 De
374 523 461 555 cuius
496 524 640 557 Christus
673 526 792 557 ventris

569 570 675 602 fructu

340 616 520 649 Carnaliter
545 618 716 657 egreditur,

290 663 344 695 Sic
359 663 457 703 Enos,
475 665 596 704 primus
614 664 787 708 latrizator,

288 709 474 742 Divinitatis
503 711 677 751 invocator,

337 756 422 788 Dum
436 757 515 797 obit,
530 765 626 789 senex
638 757 789 790 creditur.

293 822 346 854 Sic
360 822 488 862 Gaynan
503 822 790 863 quinquagenorum

288 870 453 901 Annorum
487 871 624 910 quinque
652 879 789 910 nongen-

567 920 670 948 torum

337 963 509 995 Examinat
534 964 701 1003 curricula,

290 1009 442 1042 Malalael
450 1019 509 1050 quo
513 1018 573 1050 qne
577 1019 654 1049 gran
660 1011 791 1042 (laevum

289 1056 372 1088 Dum
399 1057 571 1089 senectutis
597 1058 663 1096 agit
680 1066 790 1089 aevum

334 1104 423 1136 Mors
449 1104 556 1136 obruit
579 1104 612 1135 in
637 1105 770 1143 spicula.

288 1170 464 1211 SicIareth,
477 1171 524 1202 sic
534 1173 566 1202 et
572 1170 682 1202 Enoch
690 1171 791 1202 iustus

286 1217 571 1258 Mathusalemque,
578 1217 628 1248 vir
637 1220 789 1258 vetustus,

336 1264 500 1304 Signatum
525 1266 557 1296 in
583 1265 790 1304 temporibuS,

289 1311 342 1343 Sic
358 1311 509 1354 Lamech,
528 1312 574 1344 sic
592 1311 661 1343 Noe
678 1312 791 1344 levatis

289 1358 337 1390 De
362 1359 456 1399 lignis
482 1367 590 1390 arcam
615 1359 761 1399 levigatis

336 1405 523 1438 Gubernans
540 1406 572 1437 in
590 1406 788 1445 aequoribus,

287 1471 341 1503 Sic
381 1472 505 1512 David,
555 1472 645 1511 prius
686 1474 790 1503 rector

562 1527 701 1558 gregum,

286 1566 354 1598 Rex
372 1567 573 1607 postmodum
592 1565 720 1597 effectus
737 1575 786 1597 re-

564 1622 636 1653 gum

332 1660 415 1692 Dum
426 1670 454 1692 m
459 1660 664 1693 onarchatum
674 1661 784 1705 tenuit,

285 1709 314 1739 A
341 1711 429 1740 casta
454 1707 573 1748 frigens
599 1707 763 1740 Sunamite

284 1756 426 1788 Fovetur
434 1765 534 1789 annos
545 1755 695 1787 claudens
702 1756 787 1788 vitae

331 1804 369 1835 In
382 1812 473 1844 pace,
490 1805 658 1843 postquam
671 1803 783 1834 senuit.

285 1859 338 1892 Sic
364 1860 500 1900 Simeon,
527 1859 577 1892 vir
601 1859 780 1900 timorosus,

284 1907 459 1951 Viriustus,
470 1916 567 1939 senex
573 1906 785 1947 spefamosus,

331 1955 460 1988 Solatur
485 1963 577 1995 quem
601 1954 768 1996 Emanuel,

284 2002 785 2042 SicAnna,vatesquamannosa,

283 2050 334 2083 De
357 2050 445 2082 tribu
469 2052 551 2082 Aser
574 2058 736 2092 generosa,

334 2097 431 2136 Quam
451 2097 615 2138 generavit
630 2097 785 2129 Phanuel.

287 2155 341 2187 Sic
353 2155 445 2187 multi
459 2164 549 2196 reges
560 2157 591 2186 et
599 2155 785 2196 prophetae,

283 2203 337 2237 Sic
361 2203 564 2244 patriarchae
590 2211 659 2234 cum
681 2203 787 2243 quiete

328 2251 446 2283 Divina
469 2250 545 2283 freti
568 2250 673 2291 gratia

279 2299 325 2332 Et
339 2299 479 2341 plurimi,
507 2306 584 2340 quos
601 2297 689 2330 fovet
703 2298 784 2342 Eva,

281 2346 466 2381 Grandaevi
477 2354 568 2378 senes
578 2346 625 2377 sic
632 2346 787 2386 longaeva

330 2394 532 2429 Concludunt
561 2393 645 2425 vitae
670 2393 784 2433 spatia.

866 225 943 259 163.

864 531 942 564 164.

863 880 940 912 165.

864 1232 940 1265 166.

860 1585 936 1617 167.

857 1893 935 1926 168.

856 2250 933 2283 169.

969 226 1028 258 His
1051 234 1185 265 namque
1201 226 1286 258 Deus
1312 227 1466 267 ampliora

968 273 1129 306 Concessit
1152 273 1237 305 vitae
1260 275 1402 314 longiora

1015 320 1143 352 Dierum
1169 321 1389 360 protelamina‚

966 367 1002 398 In
1028 369 1188 406 posterum
1213 370 1248 398 ut.
1270 368 1411 407 pretiosa

966 414 1043 445 Tam
1057 413 1122 446 fide
1136 414 1229 454 digna
1242 423 1333 453 quam
1344 412 1465 446 famosa

1015 460 1087 492 Sint
1109 469 1216 491 senum
1241 461 1451 494 attestamina.

968 529 1031 562 Sed
1054 539 1144 563 carus
1161 534 1232 562 tuus
1250 532 1325 571 quid
1342 531 1464 572 testari,

966 577 1047 615 Quid
1072 578 1158 617 loqui
1182 581 1288 617 potest
1311 587 1365 610 seu
1389 578 1465 617 quid

1240 623 1312 665 fari,

1014 670 1114 709 Quam
1131 679 1232 709 pauca
1250 672 1289 703 de
1306 670 1464 703 exilibus?

966 716 1011 748 Ut
1033 718 1134 748 idiota
1158 726 1259 756 pauca
1284 719 1396 757 sciens,

965 763 1019 795 Ad
1043 762 1215 795 inferorum
1241 768 1349 804 portas
1374 764 1442 796 iens

1014 810 1077 842 Sub
1104 811 1193 841 annis
1217 811 1418 844 iuvenilibus.

966 880 1047 912 Nam
1071 881 1162 912 limes
1187 882 1214 913 si
1239 883 1281 913 sit
1302 882 1463 923 Iudaismi,

966 927 1021 959 Nil
1046 931 1151 959 tamen
1173 929 1261 960 novit
1277 938 1368 968 quam
1386 928 1463 969 bap-

1242 976 1327 1007 tismi

1014 1021 1064 1053 De
1088 1021 1206 1061 duplici
1231 1023 1381 1062 remedio,

964 1068 1096 1108 Ignarus
1122 1068 1239 1100 Christi
1273 1069 1313 1101 de
1336 1069 1463 1110 virtute,

966 1115 1064 1153 Quam
1093 1119 1243 1154 operatur
1269 1125 1337 1147 cum
1362 1117 1465 1147 salute

1013 1162 1050 1194 In
1060 1163 1416 1197 terracnostraemediO.
1426 1181 1464 1186 —

967 1234 1045 1265 Pars
1051 1233 1155 1273 prima
1162 1234 1209 1264 sic
1217 1235 1390 1274 respondet
1395 1234 1448 1265 isti
1456 1243 1463 1265 :

966 1280 1110 1312 Dilectus
1134 1289 1221 1312 meus
1238 1283 1330 1321 signa
1346 1280 1466 1314 Christi

1016 1326 1170 1367 Cognovit
1194 1331 1226 1358 et
1250 1328 1411 1367 miracula,

966 1374 1042 1407 Cum
1057 1374 1162 1406 surdis
1173 1375 1258 1406 caeci
1269 1376 1340 1406 dum
1353 1383 1464 1406 curan-

1241 1425 1302 1462 tur,

964 1467 1228 1499 Etclaudicantes
1234 1471 1463 1508 restaurantur,

1011 1514 1162 1554 Leprosis
1177 1515 1260 1547 cedit
1273 1516 1407 1548 macula.
1420 1533 1438 1537 -

965 1586 1094 1617 Amicus
1119 1588 1191 1617 tuus
1216 1587 1404 1628 vinculatuS,

961 1633 1043 1672 Quot
1054 1634 1145 1673 signa
1158 1632 1300 1665 Christus
1316 1636 1464 1674 operatus

1010 1680 1068 1721 Sit,
1095 1680 1185 1712 audit
1209 1690 1229 1712 a
1255 1681 1431 1713 dicentibus

959 1727 1144 1768 DiscipuliS,
1171 1736 1248 1767 quos
1274 1729 1448 1768 emittebat,

962 1775 1026 1807 Sed
1039 1776 1129 1815 signa
1141 1783 1200 1814 per
1212 1784 1247 1806 se
1258 1785 1319 1807 non
1332 1775 1462 1808 videbat

1011 1822 1181 1856 Confidens
1206 1822 1429 1857 referentibus„

962 1894 1128 1933 Quaesitus
1135 1896 1240 1925 tamen
1247 1894 1316 1933 quis
1324 1894 1363 1926 de
1369 1893 1450 1925 scitu
1456 1919 1464 1935 ,

962 1941 1034 1972 Non
1059 1940 1145 1973 valet
1169 1941 1259 1972 testis
1283 1941 1323 1972 de
1340 1941 1461 1981 auditu,

1010 1988 1059 2020 Sit
1071 1988 1211 2028 quamvis
1225 1988 1463 2026 adminiculum,

963 2035 1025 2067 Sed
1038 2036 1134 2068 iudex
1149 2036 1221 2066 testi
1235 2039 1310 2067 tunc
1320 2034 1460 2076 confidit,

962 2082 1047 2114 Dum
1065 2091 1121 2115 ore
1139 2081 1239 2114 refert
1255 2083 1349 2125 hunc,
1371 2091 1463 2122 quem

1241 2131 1332 2172 vidit,

1009 2177 1174 2211 Examinis
1201 2178 1377 2211 articulum.

961 2249 1146 2290 Respondet
1165 2250 1269 2289 prima
1285 2259 1360 2290 pars
1379 2257 1461 2280 com-

1240 2301 1343 2329 mota:

961 2345 1108 2385 Baptista
1132 2353 1194 2376 non
1220 2347 1269 2376 est
1291 2345 1402 2383 idiota,

1009 2393 1055 2425 Ut
1083 2394 1191 2424 notum
1218 2395 1266 2422 est
1291 2390 1449 2423 veteribus
