1655 2573
751 154 1007 191 -166-f

253 252 284 284 2.
309 250 419 283 Sermo
444 253 514 283 tuus
539 251 723 284 hortativus.

305 297 356 329 De
381 298 507 330 Christo
533 298 771 338 exeniplativus,

351 344 401 376 De
426 346 598 377 condendis
623 344 736 385 gladiis

306 390 360 422 Sic
385 394 453 423 erat
475 390 726 431 inflammativuS‚

305 438 395 476 Quod
419 438 557 471 manavit
581 447 710 477 magnus
735 439 820 469 rivus

352 482 518 524 Sanguinis
542 485 576 516 in
600 484 722 517 stadiis.

248 561 279 592 3.
304 559 445 590 Animati
470 567 527 598 per
551 561 584 590 te
606 558 695 598 mire,

304 605 448 644 Prompti
472 614 578 637 omnes
602 606 732 638 interire

353 652 403 683 Ita
428 650 608 693 efficaciter,

303 699 393 737 Quod
418 699 459 730 ad
484 699 580 730 ictum
604 698 713 730 mortis
740 698 828 730 dirae

308 745 349 777 Se
370 746 537 785 gliscentes
561 745 748 786 praevenire

353 792 566 824 Praecurrunt
589 792 759 824 audaciter.

250 869 281 900 4.
308 866 360 898 Sic
384 867 471 905 prius
498 867 666 898 examinati

303 913 352 944 De
376 912 440 944 fide
464 913 513 944 bis
535 913 680 945 decimati

350 959 439 990 Estis
461 959 496 990 in
521 958 687 1000 capitibus,

304 1007 335 1037 A
359 1006 503 1045 malignis
527 1009 601 1046 post
624 1005 734 1037 vallati

305 1052 418 1084 Omnes
443 1053 518 1084 estis
542 1052 701 1092 trucidati,

351 1099 471 1131 Calcati
496 1099 662 1138 equitibus,

920 253 950 284 5.
977 249 1123 281 Decimas
1149 248 1287 281 solvistis
1313 256 1418 279 rerum

978 296 1083 335 Atque
1108 296 1244 327 decimas
1271 295 1402 334 dierum,

1023 342 1170 374 Decimas
1197 346 1228 374 et
1253 342 1401 383 capitum,

977 390 1124 430 Ultimas,
1150 393 1186 420 ut
1210 390 1312 422 dicam
1339 397 1457 427 verum,

978 436 1107 469 Solvere
1133 440 1180 468 est
1203 437 1296 468 nimis
1324 434 1421 467 ferum

1024 483 1092 515 Nec
1117 486 1164 515 est
1186 484 1277 523 prius
1301 482 1448 522 sapitum.

943 583 949 590 .
977 558 1001 590 O
1027 567 1082 590 sex
1105 559 1195 590 milia
1217 557 1358 590 sexcenti

976 604 1146 645 Sexaginta
1170 613 1226 637 sex
1251 604 1389 637 contenti

1023 652 1170 692 Legionis
1198 659 1338 690 numero,

976 698 1139 740 Rapuistis
1164 698 1294 731 violenti

977 745 1030 777 Sic
1055 747 1174 777 caelum
1198 754 1257 785 per
1281 745 1345 777 vim
1372 746 1521 776 tormenti

1023 792 1113 823 Laeti
1137 791 1212 824 flexi
1237 793 1378 824 humero.

942 890 949 898 .
975 865 1059 896 Huic
1082 867 1198 898 mundo
1225 866 1313 898 vobis
1334 869 1434 898 totam

976 912 1081 943 Meam
1107 913 1202 944 vitam
1227 913 1280 944 vix
1306 912 1451 944 devotam

1024 958 1134 990 Nolite
1156 960 1312 1001 deserere,

979 1005 1042 1037 Sed
1067 1009 1191 1038 servate
1215 1007 1261 1037 sic
1284 1006 1444 1037 immotam

976 1052 1104 1092 Mentis,
1131 1053 1233 1084 carnis
1259 1052 1361 1085 famae
1384 1055 1489 1085 notam

1022 1098 1188 1139 Nunquam
1214 1109 1308 1140 cogar
1331 1108 1450 1139 gerere.

581 1167 612 1198 8,
638 1164 754 1195 Anima
778 1165 821 1195 sit
844 1172 968 1204 semper
988 1172 1070 1202 pura

639 1210 726 1242 Dans
752 1210 896 1250 cuiquam
923 1219 980 1242 sua
1003 1210 1083 1251 iura,

685 1257 752 1288 Deo
777 1258 1007 1297 principaliter,

637 1303 684 1336 Ut
706 1304 739 1335 in
762 1307 865 1336 morte
890 1305 933 1336 sit,
955 1312 1077 1344 secura,

638 1351 715 1382 Mox
739 1351 900 1383 vobiscum
925 1354 1094 1390 regnatura

687 1397 780 1429 Caelo
801 1397 1012 1429 aeternaliter.

306 1470 385 1498 Orat.
406 1480 458 1498 ms.
480 1471 662 1499 Carthusian.
683 1479 758 1499 saec.
781 1469 823 1498 15.
856 1471 924 1499 Ood.
946 1471 1039 1507 Capit.
1059 1472 1208 1499 Treviren.
1231 1471 1293 1500 116.

648 1596 707 1628 313.
737 1598 779 1628 De
799 1598 906 1629 sancto
925 1598 1097 1630 Pancratio.

246 1686 276 1718 1,
304 1684 328 1716 O
351 1684 511 1726 Pancrati,
536 1687 659 1724 martyr
682 1685 771 1728 bone,

301 1731 443 1763 Pretiose
466 1732 509 1762 mi
533 1735 667 1771 patrone

344 1777 427 1809 Prae
450 1778 557 1810 multis
583 1778 712 1818 divitiis,

299 1824 406 1855 Nobili
433 1825 472 1856 de
494 1825 594 1865 stirpe
618 1827 719 1863 natus,

298 1870 445 1902 Virtuose
470 1872 619 1904 educatus

344 1917 494 1949 Immunis
518 1928 538 1951 a
561 1919 656 1952 vitiis.

241 1995 273 2027 2.
301 1993 418 2025 Puerili
442 1994 476 2024 in
500 1997 604 2026 aetate

301 2038 442 2071 Caesaris
466 2050 486 2072 a
508 2042 674 2072 maiestate

345 2088 521 2126 Aggressus
546 2088 720 2130 blanditiis,

297 2132 437 2172 Spondet
461 2137 493 2165 te
518 2133 734 2167 felicitandum

297 2178 532 2219 Splendideque
558 2182 775 2213 honorandum

345 2225 415 2257 Suis
440 2227 595 2260 amicitiis.

239 2302 270 2334 3.
295 2299 399 2331 Doces
424 2309 498 2332 vere
522 2302 593 2340 plus
620 2301 734 2334 debere

296 2346 347 2379 Ab
372 2347 422 2378 his
445 2356 532 2380 mere
556 2348 715 2381 abstinere

343 2395 390 2428 Ut
413 2394 451 2426 ab
475 2395 693 2430 immunditiis

970 1686 1052 1718 Nam
1077 1689 1234 1720 tormenta
1258 1691 1290 1721 et
1313 1697 1398 1720 mors
1425 1690 1505 1722 dura

970 1733 1169 1773 Reputantur
1192 1738 1229 1766 ut,
1251 1736 1377 1775 pictura

1017 1780 1093 1812 Tuis
1117 1781 1150 1813 in
1174 1782 1312 1815 iudiciiS.

935 1881 941 1887 .
968 1854 1063 1887 Unde
1088 1855 1204 1888 Caesar
1231 1858 1420 1891 maledictus

968 1901 1090 1934 Furens
1116 1905 1215 1944 magis
1241 1908 1273 1936 et
1297 1904 1444 1938 adflictus

1015 1949 1158 1990 Propriis
1183 1952 1312 1985 malitiis

969 1995 1063 2027 Iubet
1088 2006 1159 2028 mox
1184 2000 1217 2029 te
1241 1999 1403 2039 decollari,

968 2042 1068 2074 Immo
1092 2042 1186 2075 finem
1211 2045 1321 2084 poenis
1346 2046 1415 2077 dari

1017 2089 1206 2131 Cunctisque
1234 2092 1408 2132 suppliciis.

934 2190 940 2197 .
968 2163 1031 2195 Sed
1056 2164 1113 2196 tibi
1134 2165 1167 2196 iu
1192 2166 1252 2198 hoc
1275 2175 1375 2205 agone

966 2210 1098 2242 Nobiles
1122 2215 1232 2244 assunt
1254 2216 1417 2246 matronae

1012 2257 1147 2289 Funeris
1172 2257 1303 2300 officiis;

969 2304 1027 2342 Qui
1051 2304 1094 2336 ad
1116 2307 1204 2336 tuum
1227 2307 1422 2340 mausoleum

967 2350 1064 2384 Falsa
1086 2351 1181 2393 iurat,
1206 2354 1322 2393 pandis
1347 2364 1435 2388 reum

1014 2398 1117 2431 Certis
1143 2408 1212 2431 cum
1236 2401 1373 2436 indiciis.
