1655 2573
680 135 721 140 -
770 115 814 151 35
866 136 908 140 -

480 206 525 237 57.
556 206 602 238 Ad
621 208 760 240 sanctum
778 207 924 240 Iacobum
942 207 1102 239 maiorem.

154 294 184 327 1.
210 294 314 333 Ave,
341 294 387 327 fili
411 296 579 336 Zebedaei,
831 299 862 330 3.
890 296 1038 337 Grande,
1065 297 1118 336 qui
1143 296 1301 328 strinxisti
1317 297 1434 335 hostes,

214 341 338 384 Iacobe,
366 345 488 374 amator
512 343 585 382 Dei,

211 387 330 421 Sordes
355 390 466 421 mundi
490 390 711 430 supplantasti,

211 434 272 467 Gor
297 436 418 468 virtute
441 436 615 469 adornasti.

176 527 183 534 .
211 500 360 542 Salve,
388 502 506 535 Christi
530 503 678 542 imitator,

211 548 419 580 seductorum
444 552 645 589 repugnator,

211 594 259 626 Tu
285 595 442 627 Philetum
468 596 662 636 convertisti,

209 640 289 673 Dire
319 641 457 673 vinctum
483 650 574 680 quem
599 642 731 674 solvisti.

889 343 986 383 Signa
1010 352 1104 375 cruce
1125 345 1251 375 nostros
1274 346 1393 383 postes,

888 390 938 422 Ne
965 391 1135 422 draconum
1159 390 1246 422 virus
1271 390 1388 429 laedat,

888 437 988 469 Omne
1011 437 1125 469 malum
1151 446 1209 476 per
1233 440 1267 468 te
1290 436 1393 469 cedat.

829 504 860 535 4.
888 503 1010 547 Vale,
1039 503 1134 535 decor
1158 503 1382 543 Hispanorum,

888 550 986 582 Placa
1009 558 1115 589 regem
1137 551 1328 592 angelorum,

885 596 931 628 Ut
953 596 986 627 in
1013 597 1099 629 caelo
1127 596 1181 628 det
1201 605 1334 636 regnare

890 642 999 674 Gloria
1024 642 1159 675 fruendo
1185 643 1279 675 clare.

438 788 483 819 58.
512 787 556 818 Ad
577 789 718 819 sanctum
738 787 927 819 Matthaeum
948 786 1131 827 apostolum.

174 901 181 908 .
204 877 263 907 Av
278 884 311 917 e,
338 885 395 908 rex
419 879 548 907 aeterne
571 876 668 916 Deus,

204 922 251 953 Te
276 925 400 954 secutus
426 926 473 954 est
495 923 689 962 MatthaeuS,

204 968 275 1000 Tibi
298 972 443 1008 prompte
468 969 637 1012 oboedivit,

203 1016 319 1047 Vocem
343 1019 429 1048 tuam
458 1025 526 1047 cum
551 1016 682 1049 audivit.

170 1106 177 1113 .
204 1080 336 1121 Salve,
365 1081 516 1113 mundum
541 1081 594 1121 qui
617 1081 748 1122 liquisti,

201 1127 320 1160 Christi
345 1128 467 1159 lucrum
492 1128 665 1170 acquisisti,

199 1174 317 1207 Faetus
344 1183 376 1206 es
399 1175 593 1214 evangelista

201 1221 294 1253 Felix
324 1224 356 1253 et
379 1221 578 1261 theologista.

822 878 853 910 3.
882 876 1041 916 Gaude,
1070 876 1158 908 verbi
1181 876 1243 907 Dei
1267 879 1360 915 sator,

882 923 1045 955 Castitatis
1071 923 1244 962 adamator,

878 970 946 1002 Fac
968 979 1026 1001 nos
1051 969 1119 1001 Deo
1144 969 1303 1011 oboedire,

877 1016 983 1048 Lucra
1004 1016 1115 1048 mundi
1140 1014 1297 1048 fastidire.

818 1084 852 1115 4.
879 1083 996 1122 Vale,
1023 1082 1163 1122 prudens
1190 1084 1397 1114 commutator

878 1129 923 1160 Et
947 1126 1051 1161 fidelis
1078 1130 1289 1169 dispensator,

878 1175 939 1207 Dei
963 1177 1081 1215 gaudes
1103 1176 1253 1215 bonitate,

878 1222 946 1255 Fac
969 1232 1025 1254 nos
1050 1221 1115 1255 frui
1139 1223 1268 1255 deitate.

467 1359 514 1391 59.
546 1359 588 1391 De
609 1359 714 1391 sancto
734 1359 870 1391 Iohanne
892 1359 1098 1399 evangelista.

169 1475 177 1482 .
202 1448 310 1488 Ave,
337 1449 446 1479 sancte
471 1457 488 1480 o
513 1448 678 1487 Iohannes,

206 1494 302 1534 Virgo
328 1492 443 1526 florens
469 1494 555 1526 velut
579 1503 718 1534 magnes,

203 1541 252 1573 Tu
275 1542 309 1574 in
335 1550 412 1573 cena
436 1541 582 1581 quievisti

203 1589 309 1628 Supra
332 1591 443 1628 pectus
466 1590 542 1621 Iesu
567 1588 696 1622 Christi.

170 1680 177 1688 .
205 1655 348 1695 Salve,
374 1656 486 1687 doctor
509 1657 543 1686 tu
564 1653 752 1695 profundus,

209 1701 350 1734 Similem
373 1710 434 1734 non
460 1701 557 1734 habet
580 1703 725 1742 mundus,

206 1748 310 1789 Supra
334 1757 440 1781 omnes
466 1749 518 1781 hic
539 1749 665 1789 volasti,

208 1796 334 1829 Prolem
358 1796 444 1836 patri
470 1796 659 1836 coaequasti.

826 1449 857 1480 3.
885 1447 1044 1490 Gaude,
1072 1457 1144 1481 rosa
1170 1449 1324 1491 caritatis,

884 1494 1000 1526 Lilium
1026 1504 1059 1527 es
1086 1496 1252 1531 castitatis,

883 1542 949 1574 Fac
973 1551 1024 1573 me
1048 1546 1178 1583 castum,
1205 1543 1273 1575 Deo
1300 1551 1416 1581 carum,

880 1590 918 1621 In
945 1590 1060 1622 divinis
1086 1591 1128 1622 da
1152 1599 1206 1622 cor
1230 1599 1371 1631 gnarum.

824 1657 855 1688 4.
883 1656 1007 1695 Vale,
1035 1658 1140 1688 custos
1162 1665 1179 1687 o
1204 1657 1338 1696 Mariae,

884 1703 1019 1743 Protege
1043 1712 1093 1735 me
1118 1704 1203 1735 omni
1228 1703 1280 1735 die

883 1750 913 1781 A
938 1750 1030 1782 ruina
1052 1753 1266 1791 peccatorum,

884 1796 956 1829 Duc
980 1798 1022 1830 ad
1046 1807 1151 1831 arcem
1176 1798 1351 1833 beatorum.

475 1934 522 1966 60.
554 1933 599 1966 Ad
619 1934 759 1967 sanctum
778 1935 920 1968 Iacobum
939 1935 1099 1968 minorem.

176 2051 183 2058 .
209 2025 313 2064 Ave,
340 2023 387 2055 fili
411 2026 446 2055 tu
470 2023 617 2064 Alphaei,

211 2071 330 2103 Similis
356 2080 388 2103 es
413 2072 498 2111 proli
522 2070 584 2103 Dei

208 2119 405 2159 Iacobusque
428 2121 515 2150 recte
539 2117 634 2159 fatus,

208 2167 313 2200 Iustus
338 2174 415 2198 vere
438 2165 627 2200 nominatus.

174 2259 182 2266 .
210 2232 356 2273 Salve,
381 2232 482 2265 frater
506 2233 581 2265 Iesu
605 2232 733 2276 Christi,

211 2280 386 2313 Sanctitate
408 2279 554 2321 floruisti,

150 2354 153 2360 .
210 2328 311 2361 Posce
335 2329 421 2363 vitae
445 2328 619 2368 puritatem

211 2375 273 2408 Dei
295 2379 391 2416 atque
414 2376 599 2411 claritatem.

830 2026 860 2059 3.
888 2026 1050 2067 Gaude,
1080 2024 1139 2058 flos
1164 2026 1388 2070 apostolorum,

887 2073 1015 2105 Pollens
1042 2073 1197 2113 dignitate
1221 2082 1351 2118 morum,

888 2120 957 2152 Iter
980 2120 1042 2152 Dei
1066 2120 1246 2162 ambulasti,

888 2167 1008 2200 Multos
1032 2167 1097 2201 fide
1121 2168 1300 2203 illustrasti.

830 2236 863 2267 4.
889 2235 1011 2274 Vale,
1036 2234 1114 2266 mali
1137 2235 1371 2275 supplantator,

891 2282 999 2315 Omnis
1024 2282 1099 2315 boni
1125 2283 1309 2319 cumulator,

888 2330 972 2361 Mihi
994 2339 1075 2369 para.
1099 2329 1180 2362 caeli
1203 2330 1326 2371 aedem,

890 2377 1007 2409 Tecum
1032 2380 1162 2417 praesta.
1187 2378 1383 2410 coheredem.

1229 2429 1269 2461 3*
