1655 2573
697 126 954 163 —167-

525 226 555 258 6.
581 224 684 257 Aufer
718 234 737 257 a
760 234 810 256 me
834 224 964 256 verbum
989 224 1128 266 stultum,

583 272 724 304 Mendax
749 281 783 305 os
809 274 840 303 et
863 272 970 304 iurans
987 272 1128 312 multum,

630 319 707 351 Tuis
731 318 892 351 beneficiis

578 365 638 405 Da,
664 369 699 398 ut
724 375 851 398 consors
876 365 970 398 faciei

584 413 676 445 Fiam
700 413 828 445 visionis
852 413 913 445 Dei

630 460 764 492 Summis
788 460 822 491 in
849 460 981 492 deliciis.

248 522 329 551 Orat.
351 532 404 551 ms.
426 523 610 552 Carthasian.
631 532 706 552 saec.
724 522 766 551 15.
798 524 867 551 Cod.
889 524 984 559 Capit.
1004 524 1155 552 Treviren.
1177 522 1239 552 116.

565 622 626 654 314.
656 623 691 654 In
713 623 915 654 conversione
935 631 960 654 s.
979 622 1080 654 Pauli.

185 703 215 735 1.
242 702 266 734 O
292 711 384 741 quam
411 702 530 734 candor
554 702 715 742 scientiae,

243 749 351 791 Paule,
379 752 489 780 auctor
514 749 674 792 ecclesiae,

292 795 485 827 Graecorum
511 796 621 827 doctor
644 796 734 836 legis,

244 842 430 882 Speculator
456 843 614 883 divinalis,

245 889 316 922 Lux
341 888 426 929 fidei,
454 898 535 931 ecce,
563 890 664 929 qualis

292 936 440 969 Prolator
464 937 532 967 veri
556 937 648 975 regiS.

188 994 219 1025 2.
245 992 316 1032 Eia,
341 995 458 1031 quanta
483 1001 515 1023 es
541 1000 721 1031 perpessus,

243 1038 357 1070 Fidem
382 1039 502 1071 Christi
533 1047 601 1070 cum
633 1037 793 1070 confessus

291 1086 415 1125 Ingenti
442 1085 584 1124 caritate,

245 1132 341 1164 Ultra
365 1133 492 1164 modum
518 1131 678 1172 fatigatus,

247 1179 451 1219 Verberatus,
476 1179 656 1220 incippatus

290 1225 449 1258 Fraterna
474 1225 624 1259 falsitate.

859 703 892 735 3.
917 701 1026 741 Fame,
1052 702 1106 733 siti
1131 703 1299 741 cruciatus,

918 748 1010 780 Feris
1037 747 1138 790 datus,
1165 750 1339 789 lapidatus,

966 795 1063 833 Quam
1088 797 1248 827 tormenta
1274 796 1428 835 plurima!

919 841 972 873 Sic
997 845 1145 881 quantum
1168 844 1300 874 electum
1327 852 1453 883 gregem

920 889 1034 921 Unasti
1059 890 1100 921 ad
1127 890 1244 922 Christi
1269 890 1372 930 legem

968 936 1044 968 Cum
1071 944 1145 969 cura
1170 936 1352 970 fortissima.

887 1016 894 1023 .
921 991 969 1023 Tu
995 1000 1064 1022 cum
1090 992 1184 1024 Petro
1211 1002 1244 1024 es
1271 993 1427 1033 detentus,

921 1038 1085 1070 Iudicatus
1110 1042 1142 1070 et
1169 1043 1358 1079 praeventus

971 1085 1023 1117 Ad
1047 1093 1156 1117 necem
1183 1086 1283 1118 diram
1309 1087 1391 1118 ensis

923 1132 986 1163 Pro
1011 1140 1117 1164 amore
1140 1133 1213 1165 Iesu
1239 1133 1366 1173 Christi,

924 1178 1020 1217 Quem
1044 1178 1179 1220 benigne
1205 1180 1344 1211 dilexisti

968 1225 1044 1257 Cum
1069 1226 1190 1258 viribus
1215 1227 1385 1260 immensis.

525 1284 555 1315 5.
583 1282 607 1314 O
634 1282 790 1313 caelorum
817 1282 1054 1323 contemplator,

581 1329 771 1360 Miserorum
796 1329 973 1368 miserator,

628 1375 817 1407 Nostrorum
843 1376 1002 1415 miserere,

585 1423 622 1455 In
648 1425 777 1454 aeterna
803 1422 947 1454 claritate

585 1470 697 1503 Coram
723 1478 844 1501 summa
867 1469 1008 1501 bonitate

630 1516 683 1548 Sic
705 1516 759 1556 pie
783 1525 840 1548 nos
864 1519 963 1548 tuere.

247 1582 327 1610 Orat.
353 1590 408 1609 ms.
431 1581 615 1609 Carthusian.
640 1589 715 1608 saec.
739 1579 782 1608 15.
818 1580 888 1608 Cod.
910 1580 1004 1616 Capit.
1023 1581 1172 1609 Treviren.
1195 1580 1256 1609 116.
1276 1582 1310 1609 A.
1333 1597 1367 1601 —
1390 1582 1469 1610 Orat.

169 1630 221 1648 ms.
243 1629 318 1648 saec.
335 1618 377 1647 15.
408 1619 476 1647 Cod.
495 1619 749 1654 Guelfenbyteran.
773 1616 845 1646 1433
864 1618 1087 1653 gHelmstaffien.
1105 1617 1190 1655 1320)
1218 1621 1250 1648 B.
1272 1635 1307 1638 —=
1335 1618 1365 1655 3,
1393 1618 1411 1648 3
1430 1620 1472 1648 Et

170 1667 257 1694 quam
281 1659 426 1685 tormenta
449 1657 535 1693 plura
554 1658 587 1685 B.
613 1672 649 1676 ——
678 1654 709 1692 3,
735 1655 754 1684 4
783 1658 921 1693 quantam
947 1656 1068 1684 electam
1087 1657 1146 1685 AB.
1167 1674 1204 1678 —
1231 1655 1263 1691 3,
1290 1656 1307 1685 5
1326 1658 1471 1685 Adunasti

170 1696 278 1723 Christi
297 1696 392 1731 legem
411 1695 444 1722 B.

629 1794 688 1826 315.
719 1795 762 1826 Do
782 1795 889 1826 sancto
909 1795 1012 1826 Petro.

185 1868 216 1900 1.
243 1867 268 1899 Ο
293 1867 442 1907 princeps
471 1866 695 1906 apostolorum,

240 1914 347 1954 Petre,
373 1915 479 1946 lumen
503 1914 726 1953 Romanorum,

287 1961 365 1993 Flos
390 1962 475 1993 vitae
498 1961 687 2001 sanctitatis,

239 2010 264 2042 O
292 2009 387 2041 decus
414 2008 637 2050 paenitentiae,

242 2057 397 2090 Columna
420 2056 637 2096 indulgentiae

288 2104 336 2136 Tu
362 2103 469 2136 fautor
493 2103 650 2136 veritatis.

184 2165 215 2196 2.
242 2162 301 2201 Qui
325 2162 399 2194 Iesu
429 2159 606 2200 familiaris,

242 2208 367 2249 Cephas
391 2208 502 2240 mundi
528 2207 710 2248 appellaris,

288 2256 388 2296 Quam
410 2256 525 2288 multos
551 2254 680 2287 erexisti

241 2304 292 2336 De
315 2304 443 2336 miseria
468 2302 613 2336 fanorum

241 2352 347 2391 Atque
371 2355 462 2383 coetu
487 2359 692 2392 paganorum,

287 2399 385 2438 Quam
409 2399 492 2430 iuste
515 2401 550 2430 tu
574 2397 694 2431 vixisti.

862 1867 893 1898 3.
918 1866 966 1897 Tu
990 1865 1110 1905 pluries
1134 1867 1326 1909 incippatus,

918 1912 1044 1953 Degens
1069 1913 1208 1954 plorans,
1236 1913 1386 1955 fatigatus

968 1959 1150 2000 Opprobria
1173 1964 1246 2001 post
1272 1962 1343 1993 dira

919 2007 964 2039 Et
988 2007 1070 2038 truci
1096 2008 1182 2039 cruci
1206 2007 1332 2049 affixus,

920 2054 1153 2097 Tormentatus,
1181 2055 1349 2088 crucifixus

966 2100 1151 2134 Afflictione
1174 2104 1265 2138 mira.

888 2183 894 2190 .
922 2158 946 2190 Ο
974 2156 1136 2191 confessor
1158 2160 1226 2191 nati
1250 2159 1325 2200 Dei,

919 2205 1098 2237 Roborator
1123 2210 1252 2239 sanctae
1276 2209 1354 2252 spei,

967 2253 1016 2285 Tu
1040 2253 1158 2287 ianitor
1183 2256 1350 2297 caelorum,

920 2301 1145 2342 Promulgator
1167 2312 1269 2335 novae
1292 2304 1381 2343 legis,

922 2349 1095 2389 Angularis
1121 2350 1234 2382 summi
1261 2351 1356 2391 regis,

964 2396 1127 2429 Remissor
1151 2400 1363 2438 peccatorum.
