1655 2573
652 128 908 167 —137—

143 225 173 258 5.
201 225 283 257 Nam
310 228 440 259 octavus
465 228 686 261 descendendo
824 230 855 261 7.
880 228 992 261 Multis
1017 227 1108 259 malis
1134 236 1203 259 sum
1226 227 1359 267 innisuS‚

198 272 245 304 Es
271 275 304 303 et
327 273 455 311 quintus
478 276 679 307 ascendendo
879 274 942 307 Sed
965 284 1021 307 oro
1048 276 1087 307 de
1111 278 1144 306 te
1166 273 1310 312 confisus,

247 319 347 351 Recte
371 321 607 364 magistraliter‚
924 322 972 355 Ut
995 322 1034 353 ab
1059 322 1109 353 his
1135 321 1278 353 excoriet·

201 366 253 399 Ex
285 375 346 406 quo
381 366 466 399 facto
491 369 552 400 hoc
575 370 749 409 perpendo,
881 370 1129 409 circumquaque
1154 369 1367 407 circumcisus,

199 412 348 453 Dulcem‚
372 415 461 455 pium
486 418 519 447 te
542 417 676 448 essendo
879 416 950 448 Hoc
972 415 1011 447 fit
1033 416 1111 447 mihi
1134 415 1312 455 paradisus,

246 460 350 492 Valde
372 462 563 501 specialiter.
926 463 972 497 Ut
996 464 1043 495 sic
1066 472 1165 495 novus
1191 463 1317 503 glorier.

145 517 176 549 6.
204 517 283 555 Quia
309 517 429 549 chorda
452 520 542 550 tensa
566 519 647 550 bene
823 522 854 553 8.
882 519 906 551 O
928 519 971 551 mi
995 521 1087 559 pater
1111 519 1249 559 pietatiS,

203 563 335 595 Dulcem
361 573 472 596 sonum
497 566 607 597 reddit
630 566 734 605 plene,
879 566 1019 598 Adiutor
1042 565 1239 597 necessitatis

249 609 303 641 Sic
327 613 362 642 tu
386 620 501 650 passus
526 612 663 652 gravius,
927 613 965 644 In
990 613 1073 644 omni
1096 613 1248 655 peniculo,

202 657 320 688 Stricte
344 660 436 689 tensa
461 666 574 697 corpus
596 658 678 697 lene,
880 659 997 690 Hostes
1021 659 1106 698 pelle
1130 660 1297 698 pravitatis

203 703 311 744 Pellis,
337 704 428 736 nervi
453 707 525 736 sunt
551 708 584 737 et
607 713 715 746 venae,
882 705 926 736 Et
949 714 999 736 me
1023 707 1095 737 loca
1120 715 1188 737 cum
1214 706 1315 737 beatis

248 750 334 791 Ergo
360 759 474 783 sonans
496 752 632 784 suavius,
930 753 965 785 In
991 752 1101 784 mortis
1127 752 1270 785 articulo.

204 834 284 862 Orat.
305 843 357 862 ms.
379 835 561 863 Carthasian.
584 844 654 864 saec.
676 835 720 863 15.
761 837 821 865 Cod
843 837 936 872 Capit.
956 837 1106 864 Treviren.
1130 834 1193 864 116.

507 964 575 996 264.
605 963 648 995 De
669 966 775 996 sancto
796 964 1043 995 Bartholomaeo.

144 1054 171 1085 1.
197 1052 443 1084 Bartholomaee
465 1053 598 1096 insigne,
821 1055 850 1086 3.
877 1053 994 1092 Quibus
1019 1053 1108 1084 miris
1133 1053 1272 1091 operatis

200 1099 250 1131 Tu
274 1099 454 1131 laudandus
479 1109 497 1131 o
523 1108 614 1139 quam
645 1101 748 1141 digne.
877 1100 920 1131 Et
945 1100 1053 1131 multis
1078 1099 1263 1131 illuminatis

248 1146 358 1178 Nobili
382 1147 484 1186 stirpe
507 1149 610 1185 natus,
926 1145 1071 1178 Profam‘s
1097 1150 1272 1186 accusatus,

199 1193 310 1226 Merus
338 1192 456 1225 Christi
479 1193 622 1226 imitator
877 1193 931 1225 Sic
954 1194 995 1226 ad
1020 1197 1153 1225 mortem
1178 1193 1345 1232 iudicatus

197 1240 241 1272 Et
266 1241 419 1272 indorum
443 1241 631 1280 illustrator,
881 1240 996 1272 Caesus
1023 1244 1053 1272 et
1079 1241 1268 1280 excoriatuS,

245 1288 403 1320 Patronus
428 1287 518 1319 nobis
545 1288 647 1321 datus.
924 1288 1002 1319 Mox
1028 1288 1132 1327 capite
1156 1290 1329 1319 truncatus.

140 1347 171 1377 2.
199 1344 306 1376 Omnis
332 1347 419 1376 terra
443 1346 497 1375 tua
524 1344 619 1376 laude
819 1346 851 1378 4.
879 1344 903 1376 O
930 1352 1022 1383 quam
1046 1352 1179 1385 poenam
1204 1344 1360 1375 sustulisti

199 1391 273 1423 Non
297 1390 445 1430 cessabit,
472 1392 585 1430 procul
609 1389 723 1423 fraude
877 1390 923 1422 Et
946 1391 988 1422 ad
1012 1399 1119 1430 regem
1139 1389 1279 1422 introisti

245 1437 349 1470 Multa
370 1438 452 1470 mira
475 1438 577 1478 egisti,
925 1438 1045 1477 Magna
1068 1437 1240 1475 hilaritate,

198 1485 248 1516 Tu
273 1483 419 1517 fanorum
444 1485 614 1524 populator
879 1484 905 1516 O
929 1487 1052 1524 martyr
1075 1483 1278 1522 venerabilis.

196 1532 241 1564 Et
267 1532 452 1563 daemonum
479 1532 657 1564 denudator
878 1532 975 1571 Quam
1003 1532 1104 1563 dulcis
1131 1534 1163 1563 et
1187 1531 1331 1563 amabilis

243 1580 282 1611 In
307 1579 405 1611 verbo
429 1579 502 1613 lesu
530 1578 658 1611 Christi.
922 1580 1049 1618 Ingenti
1075 1578 1230 1610 claritate.

455 1637 486 1670 5.
513 1635 580 1668 Nos
605 1645 624 1667 a
650 1635 768 1668 diaboli
794 1634 908 1667 fraude

512 1682 668 1724 Defende,
694 1688 730 1715 ut
752 1683 872 1715 Christi
896 1683 992 1715 laude

561 1730 678 1763 sedule
700 1730 871 1771 inhiantes,

514 1778 592 1810 Post
615 1777 698 1809 hanc
721 1778 821 1809 vitam
846 1786 915 1809 cum
941 1777 1043 1809 beatis

513 1825 559 1858 Ut
582 1825 616 1857 in
639 1833 736 1865 regno
762 1824 916 1856 claritatis

562 1871 638 1903 Cum
663 1872 711 1903 his
737 1872 1000 1911 congratulantes,

201 1955 280 1983 Or.at
309 1965 361 1983 ms.
383 1955 568 1983 Carthusian.
591 1963 666 1983 saec.
690 1953 733 1983 15.
768 1955 838 1984 Ood.
860 1955 953 1991 Capit.
974 1956 1123 1983 Trevirm
1147 1953 1209 1983 116.
1232 1955 1266 1983 Λ.
1312 1956 1427 1983 -Orat

124 2004 177 2023 ms.
208 2002 283 2022 saec.
306 1992 349 2021 15.
372 1993 440 2021 Cod.
462 1993 717 2029 Guelfenbyteran.
741 1991 813 2022 1433
834 1993 1058 2027 (Helmstadien.
1082 1991 1172 2026 1320).
1194 1994 1228 2021 Β.
1248 2008 1284 2012 ·-
1287 1970 1337 2026 Ρ1,
1367 1993 1380 2021 1
1404 1994 1427 2020 O

124 2032 349 2060 Bartholomaee
363 2032 395 2059 B.
415 2046 454 2051 --
475 2031 499 2065 1,
521 2030 538 2059 5
558 2032 733 2059 Iudaeorum
746 2032 781 2059 A.
801 2046 839 2050 —
859 2030 926 2066 2,1
947 2033 979 2059 in
997 2031 1093 2059 tuaB.
1109 2047 1146 2051 —
1159 2029 1185 2066 3,
1200 2029 1218 2058 3
1234 2031 1378 2059 Profanus
1392 2034 1429 2060 A.

544 2153 609 2184 265.
637 2152 681 2184 De
702 2153 808 2184 sancto
831 2151 1009 2184 Benedicto.

137 2245 168 2277 1.
193 2245 274 2285 Ave,
301 2243 396 2276 stella
420 2244 586 2285 matutina,
818 2244 849 2275 2.
877 2243 983 2283 Salve,
1008 2242 1064 2274 lux
1090 2241 1328 2284 catholicorum,

241 2292 368 2327 Lucens
392 2292 427 2324 in
453 2292 651 2332 crepusculo,
922 2289 1071 2322 Rutilans
1095 2297 1176 2329 prae
1201 2290 1325 2332 ceteris,

191 2340 256 2372 Per
280 2348 374 2379 quam
399 2340 486 2372 lucet
509 2340 564 2372 lux
590 2339 700 2371 divina
876 2338 953 2371 Flos
979 2340 1011 2368 et
1037 2337 1132 2369 decus
1158 2337 1395 2379 monachorum,

242 2387 337 2427 Legis
361 2386 396 2419 in
420 2386 584 2428 opusculo,
922 2386 990 2418 Iter
1013 2384 1171 2424 praebens
1199 2384 1334 2418 miseris,
