1655 2573
694 112 952 148 -199—

182 207 238 240 20.
265 207 313 239 Tu
340 206 533 239 consolatrix
554 208 676 249 sedula,

312 254 361 286 Tu
386 263 455 285 sors
481 263 513 285 es
541 254 689 295 diffinita,

266 302 317 334 Tu
340 302 450 333 lucens
474 302 529 333 lux
555 311 614 342 per
638 302 775 343 saecula,

313 348 438 381 Umbra
460 348 542 388 legis
567 348 666 388 finita,

267 395 316 427 Tu
343 396 437 427 dulce
461 403 576 428 canens
600 395 717 435 fistula,

316 443 385 482 Qua
408 442 493 474 salus
519 446 568 474 est
589 443 698 483 recita,

268 489 317 521 Tu
342 489 497 521 ubertatis
524 489 646 528 cistula,

317 537 386 576 Qua
410 535 503 568 famis
529 539 578 569 est
600 537 714 577 sopita.

185 678 217 710 1.
242 677 391 711 Testetur
415 677 492 718 quid
517 677 743 717 phantasticus,

245 724 308 757 Seu
331 726 429 757 latret
451 724 701 761 mathematicuS,

289 773 467 811 Kalendae,
492 771 613 811 Nonae,
639 770 716 803 Idus

244 819 335 858 Quod
383 827 569 860 prosperum
619 817 696 858 quid
734 816 791 847 im-

569 866 710 905 primant

246 913 308 946 Vel
331 921 479 953 aspe1um
504 912 579 952 quid
604 911 780 951 reprimant

293 960 343 993 Tu
367 959 461 992 sortis
487 962 614 991 nostrae
638 958 737 990 sidus.

211 1061 219 1069 .
245 1034 295 1067 Tu
318 1035 410 1075 ylech
434 1035 537 1066 nostri
562 1034 716 1073 staminis,

243 1082 433 1114 Alkokoden
458 1081 649 1121 spiraminis,

291 1128 462 1162 Phirdaria
487 1137 651 1169 annorum,

243 1176 293 1208 Tu
317 1175 458 1210 Achazir
485 1176 681 1207 nascentium

245 1223 394 1255 Almutez
419 1225 454 1254 tu
478 1223 704 1262 praesentium,

293 1271 342 1303 Tu
371 1273 467 1310 typus
492 1268 678 1302 futurorum.

213 1370 221 1378 .
247 1345 296 1378 Tu
320 1346 422 1388 patris
448 1345 697 1383 contubernium,

244 1392 294 1425 Tu
317 1393 386 1425 nati
406 1393 644 1434 lectisternium,

291 1440 340 1472 Tu
364 1439 541 1482 pneumatis
567 1440 680 1480 cubile,

245 1487 295 1519 Tu
320 1487 409 1527 gregi
433 1486 548 1527 pandis
573 1487 730 1519 stabulum

243 1533 375 1566 Erranti
401 1537 433 1565 et
458 1534 515 1566 das
538 1534 700 1574 pabulum,

289 1581 428 1614 Reducis
453 1581 494 1613 ad
520 1582 613 1614 ovile.

209 1683 216 1691 .
239 1658 289 1690 Tu
315 1657 469 1697 principis
494 1666 527 1688 es
552 1656 629 1697 filia,

244 1705 281 1737 In
309 1704 424 1736 calceis
446 1704 567 1736 nobilia

293 1752 392 1790 Quam
422 1754 538 1783 ornant
561 1755 755 1791 paramenta,

241 1798 286 1830 Et
310 1802 434 1830 centum
459 1798 546 1830 mille
572 1799 693 1830 milium

245 1845 324 1878 Cum
350 1846 487 1887 speculis
511 1847 671 1878 monilium

289 1893 448 1925 Decorant
472 1897 666 1927 ornamenta.

209 1995 216 2002 .
242 1969 290 2002 Tu
317 1972 424 2002 vatum
450 1978 482 2001 es
508 1971 680 2009 oraculum,

242 2018 291 2050 Tu
315 2016 389 2049 fidei
415 2017 621 2057 signaculum.

289 2065 356 2104 Quo
381 2065 469 2097 Deus
493 2064 710 2108 subarrhatur,

239 2111 288 2144 Tu
313 2113 402 2144 sidus
427 2113 664 2153 sanctimoniae,

240 2159 289 2192 Tu
315 2161 408 2192 nidus
435 2160 650 2201 castimoniae,

288 2208 354 2247 Quo
376 2208 521 2241 Christus
544 2209 726 2241 collocatur.

206 2311 213 2318 .
240 2284 289 2317 Tu
314 2285 413 2316 turris
438 2286 696 2326 propugnaculis,

239 2331 318 2366 Tam
344 2332 478 2372 clippeis
504 2342 597 2372 quam
624 2333 737 2365 iaculis

288 2381 414 2412 Munita
439 2389 509 2412 cum
534 2381 672 2413 millenis

793 610 852 643 XI.

887 827 918 859 7.

863 1699 916 1732 10.

862 1991 917 2024 11.

866 2287 920 2319 12.

860 208 916 242 21.
940 210 989 241 Tu
1012 216 1129 249 sponso
1154 207 1289 248 praebes
1311 209 1418 240 oscula

990 256 1089 294 Quam
1113 255 1246 295 pulchre
1270 254 1429 297 insignita,

942 303 992 334 Tu
1023 301 1150 333 deitatis
1176 301 1299 333 cartula

991 348 1101 388 sigillo
1128 348 1325 387 communita,

945 396 994 427 Tu
1019 396 1103 427 omni
1128 404 1238 427 carens
1262 394 1395 437 macula,

993 442 1042 474 Tu
1066 443 1152 474 salus
1176 441 1352 483 praefinita,

945 489 994 521 Tu
1019 490 1118 521 omnis
1143 489 1218 521 boni
1244 487 1391 532 clausula,

993 535 1043 567 Tu
1065 544 1186 568 merces
1210 535 1342 567 infinita.

945 676 995 707 Ac
1019 679 1180 708 armatura
1203 675 1342 718 fortium,

945 722 1119 754 Insultibus
1145 723 1318 754 cohortium

993 769 1155 801 Resistens
1181 769 1302 801 alienis.

943 826 994 858 Tu
1017 825 1107 857 illum
1133 826 1220 866 capis
1245 825 1386 868 grabato,

945 872 1004 911 Qui
1027 872 1184 905 hominem
1207 873 1241 904 in
1265 871 1397 904 sabbato

992 920 1029 951 In
1053 921 1130 963 toto,
1155 929 1218 952 non
1241 920 1273 951 in
1299 922 1391 959 parte

945 965 1119 1008 Salvificat,
1144 967 1177 998 in
1201 966 1307 998 anima

946 1012 1135 1045 Confortans
1159 1013 1361 1053 pusillanima

994 1059 1178 1092 Divinitatis
1204 1063 1284 1091 arte.

911 1140 917 1147 .
945 1116 994 1148 Tu
1019 1117 1120 1148 caecis
1145 1125 1178 1148 es
1204 1116 1369 1160 collirium,

945 1163 994 1195 Tu
1019 1164 1114 1195 castis
1140 1163 1395 1203 dextrochirium,

991 1210 1041 1242 Tu
1064 1211 1199 1242 rutilans
1221 1211 1372 1251 beryllus,

945 1257 994 1288 Tu
1017 1259 1162 1298 praedux
1188 1266 1221 1289 es
1247 1258 1456 1297 currentibus,

944 1305 1022 1336 Post
1048 1312 1172 1336 cursum
1198 1304 1430 1344 quiescentibus

994 1351 1139 1383 Cervical
1165 1355 1197 1382 et
1221 1351 1383 1390 pulvinus„

911 1430 919 1438 .
944 1407 993 1439 Tu
1015 1407 1124 1439 radius
1148 1408 1182 1438 in
1206 1407 1325 1446 nubilo,

944 1454 994 1485 Tu
1018 1455 1166 1493 gaudium
1190 1454 1224 1485 in
1247 1454 1356 1495 iubilo,

994 1500 1042 1532 Tu
1068 1504 1176 1533 cantus
1200 1501 1301 1532 nostri
1325 1504 1428 1542 tonus,

944 1547 992 1579 Tu
1016 1548 1166 1588 princeps
1191 1548 1225 1580 111
1248 1548 1392 1590 imperio,

942 1594 992 1626 Tu
1018 1595 1146 1636 clangor
1169 1595 1202 1626 in
1226 1595 1389 1637 psalterio,

990 1642 1028 1673 In
1052 1642 1205 1681 cymbalis
1230 1645 1264 1674 tu
1290 1651 1393 1677 sonuS.

943 1699 993 1730 Tu
1016 1698 1095 1738 legis
1120 1699 1153 1731 in
1177 1699 1328 1739 decalogo

945 1746 1195 1787 Sanctorumque
1220 1747 1362 1787 catalogo

994 1793 1074 1825 Fers
1099 1797 1270 1836 sceptrum,
1300 1794 1455 1835 diadema,

944 1841 992 1872 Tu
1021 1840 1098 1873 fidei
1123 1842 1299 1881 sermologo

942 1887 991 1919 De
1015 1890 1105 1920 textu
1122 1898 1214 1928 quam
1234 1888 1273 1920 de
1289 1888 1419 1929 prologo

989 1935 1035 1967 Es
1061 1936 1203 1967 veritatis
1229 1936 1346 1967 thema.

942 1992 991 2023 Tu
1016 2000 1049 2023 es
1075 1992 1332 2025 convenientibus

942 2039 987 2071 Et
1010 2039 1064 2078 pie
1089 2039 1323 2072 conferentibus

991 2086 1174 2119 Locutionis
1199 2087 1336 2127 schema,

942 2134 991 2165 Tu
1015 2134 1047 2165 in
1073 2134 1356 2175 paradigmatibus,

942 2181 1092 2214 Obscuris
1117 2182 1345 2222 aenigmatibus

992 2228 1112 2262 Salutis
1138 2239 1171 2261 es
1196 2230 1369 2270 problema.

947 2286 996 2318 Tu
1024 2295 1147 2327 gemma
1170 2287 1352 2330 pudicitiae,

944 2334 993 2365 Tu
1018 2336 1181 2367 vasculum
1205 2333 1389 2376 munditiae,

990 2382 1040 2413 Tu
1065 2382 1220 2414 castitatis
1241 2390 1361 2425 norma,
