1655 2573
762 132 800 137 —
851 113 918 149 100
970 131 1012 137 -

665 204 725 237 188.
759 205 800 236 De
820 204 926 236 saneto
946 201 1117 234 Bel-nardo.

255 275 286 307 1.
314 274 434 318 Gaude,
449 278 564 317 sancte,
581 275 664 314 quod
674 274 857 307 Bernardus
987 270 1107 309 Gaude,
1135 269 1218 323 quod
1245 268 1344 320 abbas
1364 263 1458 318 *fulstl

310 321 444 360 Diceris,
469 331 541 354 nam
567 330 599 353 es
623 326 658 353 ut
681 321 800 353 nardus
984 317 1028 348 Et
1053 316 1204 347 doctrnns
1231 316 1373 368 elarmstl

359 367 491 407 Spirans
513 368 631 400 sanetis
659 367 808 406 moribus,
1033 363 1207 396 Plurimum
1231 371 1263 393 1n
1289 359 1418 400 populo.

313 415 433 454 Gaude,
457 414 540 453 quod
564 422 623 453 Pffl'
647 417 678 445 ΐθ
696 414 856 446 Gerardus
926 422 957 453 3.
985 419 1106 457 Gaude,
1133 418 1208 456 quia
1231 419 1266 447 tu
1290 414 1426 447 sanabas

310 461 372 492 ES'G
396 469 564 492 conversus
616 486 622 492 ι
676 486 682 492 -
987 464 1201 502 infirmitates,
1230 462 1373 502 curabas,

358 507 411 537 Ad
426 505 581 537 Christum
608 514 675 536 cum
702 486 856 545 pluribus.
1032 513 1114 552 Quos
1142 511 1274 542 daemon
1299 510 1480 550 vexaverat,

255 564 284 593 2.
312 561 431 602 Gaude,
459 561 541 600 quod
565 561 722 593 nascentis
740 561 859 593 Christi
987 558 1108 597 Gaude,
1136 557 1211 596 quia
1233 564 1293 595 per
1317 557 1350 586 te
1378 554 1490 587 Clarae

310 608 431 639 Horam
454 607 556 639 noctis
581 608 755 647 cognovisti
987 605 1088 637 Vallis
1114 604 1200 637 Deus
1225 602 1370 655 exaltare

359 654 522 686 Ostensam
547 654 717 693 miraeulo3
1036 651 1143 683 Voluit
1165 651 1198 683 in
1223 657 1358 689 superls.

613 712 644 743 4.
672 709 735 742 Ubi
762 708 841 741 caeli
866 709 1021 740 luminare

675 755 803 787 Clarum
826 755 918 786 nobis
941 755 1114 793 impetrare

720 801 806 833 Velis
833 801 893 832 tuis
920 800 1052 832 meritis.

318 867 396 893 Orat2
418 874 469 892 ms.
483 865 671 893 Trudonense
690 873 764 892 saec.
781 863 824 892 16.
846 865 886 891 in.
916 865 985 892 Cod,
1000 864 1139 892 Leodion,
1155 862 1220 892 395.
1286 862 1312 898 3,
1334 863 1351 892 2
1365 867 1395 891 ei:
1407 865 1536 893 curabas.

698 954 759 986 189.
790 955 832 987 De
854 956 960 986 saneto
981 954 1094 986 Blasio.

617 1025 647 1057 1.
675 1024 796 1064 Gaude,
821 1024 950 1057 Domini
974 1025 1105 1065 athleta,

672 1071 772 1112 Blasi,
797 1071 899 1103 Deum
925 1073 1120 1111 praedicasti

673 1118 779 1158 Mam,
806 1119 896 1158 signa
920 1121 1113 1159 perpetrasti

721 1165 843 1197 Ductus
868 1166 901 1197 in
926 1166 1049 1200 itinere.

253 1222 285 1253 2.
311 1220 433 1260 Gaude,
457 1220 542 1260 quod
566 1221 682 1253 viduae
705 1222 812 1253 datum
930 1224 962 1255 3.
989 1222 1111 1265 Gaude,
1134 1227 1256 1264 martyr
1282 1224 1386 1257 faetus
1409 1224 1538 1264 Christi,

310 1266 444 1299 Porcum
470 1277 490 1299 a
514 1268 589 1307 lupo
615 1268 755 1301 ablatum
989 1269 1173 1303 Decollatus
1202 1272 1286 1311 quod
1311 1271 1463 1303 scandisti

359 1313 420 1346 Per
444 1316 477 1345 te
501 1323 610 1346 sanum
636 1315 771 1354 penitus,
1038 1317 1147 1350 Caelos
1173 1318 1314 1359 gaudens
1339 1318 1462 1360 iugiter,

313 1359 424 1392 Gaude
447 1362 479 1391 te
502 1362 732 1393 incarceratum
987 1364 1083 1403 Opem
1112 1364 1162 1396 fer
1184 1365 1218 1396 in
1243 1366 1360 1397 mundo
1385 1365 1470 1397 tristi

312 1406 357 1438 Et
379 1416 437 1445 pro
462 1406 526 1438 fide
555 1406 737 1447 fust1gatum
987 1410 1073 1448 Tuis,
1101 1420 1232 1450 quorum
1256 1412 1426 1444 meministi

360 1452 489 1484 Plenum
515 1453 597 1485 dono
621 1454 762 1493 spiritus
1034 1458 1133 1489 Preee
1157 1460 1212 1490 tua
1236 1459 1382 1492 duioiter¹

316 1516 395 1544 Orat.
408 1525 461 1545 ms.
475 1517 661 1546 Trudonens
680 1526 750 1546 saec.
764 1517 806 1546 16.
821 1521 860 1546 in.
883 1520 951 1548 God.
962 1521 1100 1549 Leodien.
1115 1520 1179 1550 395.
1190 1521 1268 1556 -L
1283 1522 1300 1550 2
1315 1524 1404 1557 Blasi,
1419 1525 1495 1552 dum.

242 1551 303 1588 2,1
325 1554 471 1582 donatum.
492 1568 530 1574 —-
551 1553 576 1590 2,
598 1553 617 1583 4
637 1557 827 1584 incarnatum.

686 1645 747 1678 190.
777 1647 821 1678 De
841 1649 949 1680 sancta
970 1649 1100 1681 Gaeossa.

256 1714 285 1747 1.
314 1712 433 1753 Gaude,
460 1714 543 1753 quod
569 1716 609 1747 ad
627 1714 722 1747 fidem
741 1716 857 1749 Christi
929 1719 959 1752 3.
988 1717 1107 1758 Gaude,
1137 1721 1211 1761 quia
1236 1721 1424 1755 confortasti

312 1759 399 1791 Duos
424 1760 540 1792 fratres
564 1763 760 1803 convertisti,
984 1765 1147 1807 Martyres
1171 1771 1204 1799 et
1232 1771 1389 1809 superasti

359 1807 384 1839 Ο
408 1807 496 1847 virgo
526 1807 671 1851 Caecilia,
1038 1814 1236 1847 Praefectum
1256 1817 1467 1857 Almanhim,

312 1852 433 1895 Gaude,
460 1855 542 1893 quod
567 1858 621 1887 tuo
645 1857 787 1895 pandisti
987 1858 1107 1900 Gaude,
1131 1862 1290 1895 Christum
1308 1863 1393 1902 quod
1416 1866 1540 1903 amasti,

314 1899 444 1941 Sponso,
469 1910 548 1940 quae
573 1905 606 1934 tu
632 1903 769 1935 habuisti
985 1907 1080 1940 Cuius
1105 1907 1169 1941 fide
1192 1912 1368 1949 peroptasti

359 1947 396 1979 In
420 1950 533 1989 mente,
561 1950 701 1983 consilia.
1032 1954 1181 1994 Corporis
1205 1957 1401 1996 martyrium.

255 2003 287 2035 2.
313 2001 424 2034 Gaude
447 2005 550 2042 ipsum
576 2005 770 2044 baptizatum
927 2010 958 2040 4.
986 2008 1108 2050 Gaude,
1135 2012 1219 2051 quod
1243 2012 1277 2043 in
1303 2014 1382 2044 caeli
1408 2014 1521 2046 throno

311 2047 428 2081 Tecum
453 2059 522 2082 esse
547 2056 727 2084 coronatum
984 2057 1178 2097 Angelorum
1205 2059 1290 2090 dulei
1315 2068 1392 2091 sono

362 2095 437 2127 Cum
462 2106 604 2129 rosarum
629 2097 768 2142 floribus,
1037 2102 1221 2135 Confoveris
1246 2104 1371 2146 iugiter,

313 2140 424 2172 Gaude
448 2141 524 2173 fidei
548 2145 589 2174 ad
613 2147 727 2176 statum
989 2149 1040 2180 Tu
1062 2158 1120 2180 nos
1145 2149 1184 2181 ab
1209 2153 1338 2182 aeterno
1360 2151 1443 2183 bono

312 2186 390 2219 Mox
417 2187 595 2220 Tiburtium
621 2193 765 2223 vocatum
990 2193 1095 2225 Ditari
1120 2196 1248 2227 caelesti
1275 2197 1357 2228 dono

359 2233 436 2265 Tuis
461 2243 532 2266 oum
555 2236 760 2270 sermonibus.
1037 2239 1114 2283 Fae,
1138 2241 1240 2284 virgo,
1265 2243 1459 2282 perenniter.

318 2297 397 2325 Orat.
424 2306 476 2326 ms.
489 2299 684 2342 ‘Trudonense
709 2309 723 2327 s
778 2321 784 2327 .

828 2411 876 2434 ΒΤ.
902 2414 1080 2438 monzei-*8

863 2467 1015 2491 ΟΟι-ι-ΕΟΞ
