1655 2573
688 105 920 143 „35-

574 199 636 236 162.
666 202 709 233 De
729 200 839 231 saneta
858 196 1049 236 Margareta.

181 305 214 337 1.
242 302 361 341 Gaude,
390 303 476 341 virgo
499 301 568 333 Deo
593 302 692 339 grata,

239 350 431 390 Margareta,
460 349 624 380 numerata

287 396 364 428 Cum
390 397 507 427 sanetis
530 392 713 434 virginibus,

237 443 302 474 Per
324 447 357 474 te
381 445 490 474 nostra
511 448 595 471 nuno
616 440 749 478 peecata

239 490 432 522 Relaxentur
457 491 489 518 et
512 486 662 517 mundata

287 536 378 567 Mens
403 534 446 566 sit
469 543 487 565 a
512 532 695 565 sceleribus

181 614 212 644 2.
240 610 359 652 Gaude,
383 609 447 642 fide
471 609 630 648 roborata,

240 657 344 690 Minas
369 664 521 697 spernens
545 658 577 686 et
599 654 760 692 mandata,

285 704 369 742 Quae
393 703 486 735 iussit
509 701 665 743 OlybriuS,

239 752 301 783 Per
324 755 356 783 te
379 749 459 782 fides
484 748 668 781 confirmata

241 798 333 830 Nune
355 797 389 828 in
412 796 502 829 nobis
525 798 558 827 et
579 796 691 826 ornata

282 844 356 875 Vita
378 844 421 874 sit
443 842 622 875 virtutibus.

185 922 216 953 3.
244 919 364 958 Gaude,
389 918 499 957 poenis
523 918 670 958 lacerata,

241 966 323 998 Dum
346 974 404 1005 pro
429 964 553 997 Christo
577 965 740 994 cruentata

290 1012 393 1044 Fuisti
420 1011 617 1050 verberibus,

242 1060 318 1098 Fae,
347 1060 384 1090 ut
406 1058 474 1090 Deo
501 1057 647 1089 dedicata

244 1106 294 1137 Sit
317 1115 349 1136 m
373 1105 483 1143 poenis
509 1106 540 1134 et
562 1106 676 1143 parata

291 1152 383 1183 Mens
406 1152 439 1182 in
463 1151 524 1182 Dei
548 1150 705 1182 laudibus.

852 295 885 327 4.
912 293 1034 336 Gaude,
1063 291 1136 324 dum
1159 291 1358 323 incarcerata

909 340 1023 372 Manes
1049 342 1081 371 et
1105 341 1177 378 post
1201 337 1338 369 liberata

958 387 1007 418 De
1037 385 1183 418 draconis
1210 383 1364 424 faucibus,

911 434 1013 466 Nobis
1038 433 1118 465 assis
1137 433 1287 464 invocata

911 480 955 513 Et
976 480 1018 512 ad
1043 489 1141 519 regna
1167 479 1229 510 due
1252 478 1349 510 beata

958 527 1008 559 De
1033 527 1136 559 earnis
1162 525 1353 557 carceribus„

854 605 884 636 5.
912 604 1033 643 Gaude,
1058 602 1112 643 pie
1135 602 1264 633 visitata

911 652 973 684 Per
998 649 1185 691 columbam,
1211 647 1389 680 confortata

958 697 1034 729 Tuis
1057 697 1091 728 in
1116 696 1288 736 doloribus,

910 746 975 777 Per
997 747 1030 775 te
1056 743 1110 775 fiat
1131 743 1223 783 plebs
1247 745 1393 782 purgata,

911 791 1037 829 Sancta,
1070 789 1216 830 simplex,
1241 788 1362 821 sociata

959 836 1110 877 Supernis
1136 835 1370 877 splendoribus.

856 914 886 947 6.
915 913 1035 952 Gaude,
1061 913 1146 953 quod
1170 921 1233 944 non
1258 910 1450 952 conflagrata

911 959 1065 992 Flammis
1090 959 1134 990 sis
1158 967 1218 991 nee
1242 958 1393 991 suffocata

961 1007 1025 1039 Sub
1050 1006 1144 1037 undis
1166 1006 1349 1047 maioribus,

915 1055 978 1086 Per
1001 1056 1034 1084 te
1057 1054 1099 1084 sit
1123 1051 1312 1093 refrigerata

912 1100 1058 1132 Flamma
1083 1099 1186 1131 earnis
1210 1103 1243 1131 et
1261 1099 1368 1131 levata

962 1147 1054 1178 Mens
1079 1155 1099 1178 a
1122 1146 1213 1178 malis
1236 1146 1387 1180 moribus.

521 1227 551 1258 ¹7.
578 1224 699 1264 Gaude,
725 1222 853 1255 tandem
880 1224 1038 1261 coronata,

577 1271 662 1303 Dum
685 1279 743 1311 pro
767 1269 832 1302 fide
857 1269 1014 1302 decollata

623 1317 768 1357 iungeris
791 1316 994 1359 martyribus,

578 1364 628 1395 Tu
650 1373 734 1396 nune
757 1363 883 1396 Christo
909 1363 1055 1403 copulata

577 1411 656 1451 Fae,
680 1414 717 1442 ut
741 1409 820 1442 caeli
844 1410 886 1441 sit
911 1410 1028 1442 donata

623 1457 696 1489 Lux
719 1460 753 1489 te
776 1456 1038 1489 collaudantibus.

250 1544 330 1571 Orat.
348 1550 403 1569 ms.
422 1541 617 1577 Anghoanum
637 1548 710 1568 saec.
732 1538 777 1566 15.
815 1539 886 1567 Coti.
905 1539 1081 1567 Londinens.
1101 1539 1150 1566 Ar.
1171 1536 1236 1566 203.
1256 1553 1294 1558 —
1313 1537 1339 1573 4,
1361 1538 1378 1568 5
1398 1540 1468 1568 dum

175 1582 269 1608 beata.
288 1594 325 1600 —
346 1580 371 1612 6,
395 1578 409 1606 1
429 1580 506 1616 quod
525 1578 605 1606 fehlt.

566 1715 626 1747 163.
653 1715 696 1747 De
716 1723 739 1747 s.
762 1714 859 1746 Maria
877 1714 1072 1755 Magdalona.

192 1818 222 1850 1.
251 1816 371 1857 Gaude,
395 1824 508 1854 magna
531 1814 731 1853 Magdalena,

248 1864 305 1905 Tu,
330 1863 443 1902 Maria,
468 1864 536 1894 tota
557 1862 653 1901 plena

297 1909 477 1941 Gratiarum
503 1916 607 1950 opere,

247 1957 339 1988 Nunc
349 1956 402 1988 fac
410 1955 500 1988 nobis
508 1955 665 1988 Christum
675 1962 790 1993 carum,

251 2004 316 2036 Nos
341 2008 377 2036 ut
402 2003 490 2035 donis
515 2000 687 2041 gratiarum

297 2050 387 2083 Ditet
409 2058 466 2081 suo
484 2057 624 2080 munere.

195 2128 229 2158 2.
255 2124 375 2168 Gaude,
401 2132 474 2156 rore
493 2125 541 2155 sie
562 2132 710 2162 respersa

250 2172 346 2212 Caeli,
372 2174 537 2211 postquam
562 2179 594 2201 es
620 2178 781 2212 conversa,

296 2217 386 2256 Quod
410 2218 453 2249 sis
477 2221 545 2249 tota
567 2217 685 2255 vivida,

250 2266 388 2298 Nostrae
411 2265 510 2296 menti
531 2264 622 2295 mitte
645 2272 759 2302 rorem,

251 2314 317 2353 Quo
342 2314 478 2345 virescat
500 2311 542 2343 ad
566 2311 714 2351 valorem,

296 2360 344 2394 Ne
368 2360 409 2393 sit
434 2367 558 2399 semper
582 2358 682 2392 arida.

861 1814 893 1846 3.
920 1812 1039 1856 Gaude,
1067 1814 1177 1854 lugens
1203 1822 1283 1853 quae
1306 1813 1441 1846 sanabas

920 1861 1021 1892 Pedes
1046 1860 1174 1900 Christi,
1201 1869 1277 1900 quos
1299 1859 1435 1901 rigabaS,

966 1907 1193 1947 Respergendo
1220 1907 1373 1946 lacrimis,

919 1954 1080 1994 Quidquid
1105 1954 1187 1986 vidit
1207 1955 1292 1986 visus
1317 1963 1442 1994 vanum,

920 2001 996 2033 Tuis
1022 1999 1078 2033 fiat
1101 2009 1226 2043 semper
1249 2010 1360 2034 sanum

967 2047 1120 2080 Precibus
1143 2048 1305 2088 piissimis.

866 2125 897 2156 4.
923 2122 1045 2162 Gaude,
1071 2123 1158 2155 euius
1183 2126 1233 2154 est
1252 2126 1447 2164 unguentum

922 2170 990 2202 Deo
1021 2169 1099 2202 dans
1125 2170 1374 2212 odoramentum,

968 2216 1053 2249 Dum
1076 2217 1225 2257 perungis
1249 2217 1427 2259 Dominum,

924 2264 988 2297 Per
1010 2266 1044 2296 te
1066 2264 1209 2297 remittat,
1230 2268 1356 2297 reatum

926 2311 1065 2355 Omnem,
1091 2312 1145 2352 qui
1168 2320 1227 2352 per
1250 2312 1417 2348 odoratum

973 2358 1065 2393 Vasis
1090 2363 1183 2391 nocet
1205 2359 1376 2394 bominum.
