1655 2573
600 573 660 605 157.
690 574 731 604 De
750 574 859 604 saneta
879 573 976 604 Anna.

157 643 190 676 1.
219 643 342 682 Gaude,
369 642 496 683 grandis
521 643 624 680 Anna,
652 651 761 675 carens
831 644 863 676 4,
891 641 1012 681 Gaude,
1040 644 1127 675 cuius
1150 644 1329 674 invocatum

217 690 325 722 Primo
350 690 450 729 prole,
476 690 533 721 sed
558 691 632 729 post
646 698 760 729 parens
889 688 1011 721 Nomen
1037 692 1083 721 est
1107 689 1349 729 interpretatum

258 736 314 768 Fis
339 736 466 777 reginae
490 737 620 777 gloriae,
934 736 1061 768 Amoris
1088 739 1119 768 et
1143 736 1284 776 gratiae;

212 783 279 816 Fac
302 792 358 815 nos
383 782 523 816 moribus
548 783 700 816 fecundos
889 782 955 814 Nos
980 783 1019 815 ab
1046 783 1130 815 omni
1153 785 1342 822 tempestate

210 830 254 863 Et,
276 830 400 862 Mariae
425 830 477 862 fac
500 839 556 862 nos
581 831 714 863 mundos
890 830 1003 862 serves
1025 830 1058 862 in
1083 830 1253 862 securitate

261 877 388 910 Sei-vire
412 878 589 909 memoriae.
938 877 1027 910 Pacis
1054 880 1085 909 et
1108 876 1253 911 fiduciae.

154 937 184 967 2.
213 934 332 974 Gaude,
360 933 462 966 forma
486 932 681 976 feminarum,
831 935 862 966 5.
891 933 1013 974 Gaude,
1038 933 1125 966 Deus
1154 933 1227 966 dum
1253 934 1370 966 amavit

213 981 362 1021 Magnum
389 981 483 1013 decus
508 983 734 1013 matronarum.
889 981 988 1012 Tuam
1013 986 1128 1023 natam,
1157 989 1249 1021 quam
1275 981 1405 1013 donavit.

258 1027 371 1060 Fetum
397 1027 532 1060 fundens
557 1029 675 1070 veniae,
937 1027 1076 1059 Salutem
1102 1028 1265 1068 ecclesiae,

211 1074 259 1107 Tu
285 1074 326 1106 da
350 1074 441 1108 nobis
464 1075 659 1114 exemplares
891 1074 966 1112 Fac,
997 1076 1032 1105 ut
1055 1074 1112 1107 illa
1135 1077 1200 1107 tam
1228 1074 1344 1106 dilecta

214 1122 322 1153 Mores
348 1125 378 1153 et
404 1121 578 1154 familiares
890 1121 990 1153 Nobis
1014 1120 1071 1154 fiat
1093 1130 1177 1153 nunc
1199 1119 1344 1162 profecta

258 1170 325 1201 Fac
347 1178 404 1201 nos
429 1171 502 1201 tuae
527 1167 621 1201 filiae.
937 1168 1029 1200 Salus
1052 1169 1275 1209 indulgentiae.

155 1227 186 1258 3.
216 1225 337 1266 Gaude,
362 1224 440 1257 felix
465 1234 525 1257 ava
551 1225 678 1267 Christi,
833 1226 862 1257 6.
892 1224 1012 1264 Gaude,
1039 1234 1156 1264 sponsa
1182 1225 1254 1257 dum
1281 1225 1387 1257 divina

213 1272 295 1304 Dum
320 1280 467 1304 auroram
491 1272 653 1311 protulisti
890 1272 958 1303 Tua
987 1274 1061 1304 nata
1086 1271 1122 1303 fit
1146 1272 1255 1312 regina

258 1318 354 1351 Lucis
387 1321 419 1350 et
441 1319 594 1360 laetitiae,
940 1318 1077 1351 Cunctae
1101 1319 1209 1350 mundi
1233 1318 1406 1359 machinae,

213 1367 300 1398 Tuae
324 1368 418 1398 natae
443 1374 514 1398 rore
538 1375 612 1398 rora
890 1366 937 1396 Tu
964 1365 1005 1397 da
1029 1364 1130 1407 nobis,
1157 1365 1241 1406 quod
1258 1374 1435 1407 precamur,

210 1412 345 1453 Mentes,
370 1421 473 1445 mores
499 1416 530 1444 et
555 1413 670 1445 decora
892 1413 937 1445 Ut
958 1420 1017 1452 per
1040 1412 1143 1452 ipsam
1166 1415 1371 1453 protegamur

257 1459 370 1492 Radiis
396 1459 545 1493 iustitiae.
936 1459 988 1491 Ab
1013 1458 1130 1491 inferni
1156 1468 1292 1493 carcere.

492 1517 520 1550 7.
549 1516 668 1560 Gaude,
696 1525 825 1548 manens
850 1525 934 1548 nunc
959 1524 1027 1548 cum
1053 1518 1126 1549 nata

549 1564 630 1596 Prae
654 1564 805 1596 matronis
830 1563 985 1596 honorata

596 1611 725 1644 Cunctis
752 1611 830 1643 caeli
856 1611 972 1651 curiae,

550 1658 664 1691 Funde
687 1656 773 1691 filiae
796 1660 938 1698 precata,

545 1705 665 1738 Nostra
690 1707 804 1746 purget
828 1708 864 1738 ut
886 1707 1019 1746 peccata

597 1752 653 1785 Sui
677 1754 744 1785 nati
769 1752 903 1786 nomine.

215 1817 288 1845 Orat
305 1826 358 1845 ms.
371 1818 565 1853 Anglicanum
585 1825 659 1846 saec.
676 1815 719 1846 15.
755 1817 823 1846 eod.
838 1818 1001 1846 Londinen.
1014 1818 1064 1846 Ar.
1079 1816 1142 1846 203.
1160 1832 1196 1837 —-
1211 1817 1235 1854 7,
1252 1817 1269 1846 6
1283 1818 1346 1846 nati
1359 1817 1440 1846 fehlt.

532 1928 594 1959 158.
623 1928 664 1959 De
684 1929 791 1960 sancto
812 1927 1041 1969 Christophcro.

153 1999 182 2032 1.
209 1998 330 2039 Gaude,
356 1999 507 2031 mundum
533 1999 586 2039 qui
611 1998 724 2039 vicisti,
889 1999 958 2031 Fac
982 2007 1038 2031 nos
1064 2008 1147 2031 nunc
1171 1997 1342 2032 aedificare

209 2046 267 2085 Tu,
297 2045 534 2086 christophore,
562 2046 614 2086 qui
640 2046 761 2080 Christi
890 2046 1021 2079 Plebem
1047 2048 1141 2087 atque
1166 2047 1354 2086 praedicare

257 2093 446 2135 Sequebaris
475 2094 614 2133 semitas,
938 2093 1081 2136 Regnum
1105 2094 1172 2134 poli
1196 2095 1330 2134 patriae.

207 2141 274 2173 NOS
304 2141 345 2173 ad
371 2141 490 2174 caelum
516 2140 569 2196 faf‘
592 2145 710 2182 tenere,
831 2153 861 2185 3.
890 2150 1012 2191 Gaude,
1029 2160 1089 2191 per
1105 2159 1196 2191 quem
1215 2150 1441 2184 frondescebat

209 2190 293 2243 Quas
319 2189 453 2243 dOCPbat
478 2188 622 2244 Chl'fStUS
649 2198 733 2230 Vere,
888 2199 993 2231 Arens
1017 2199 1116 2240 virga,
1142 2208 1222 2239 quae
1246 2200 1371 2233 virebat

254 2236 332 2269 VffiS
355 2239 443 2270 Ἦῗᾶθ
466 2239 616 2278 cognitas,
934 2246 1068 2279 Florida
1092 2245 1300 2289 fructificans,

153 2296 184 2326 2.
212 2293 333 2334 Gaude,
360 2294 473 2327 missus
498 2294 540 2327 ad
567 2294 743 2328 docendum
887 2294 955 2327 Fac
978 2304 1035 2327 nos
1061 2293 1147 2327 ferre
1170 2294 1265 2327 flores
1290 2304 1413 2329 morum

205 2341 251 2373 Et
272 2342 314 2375 ad
333 2341 493 2378 Christum
512 2343 758 2375 convertendum
888 2342 950 2386 Sic,
977 2345 1014 2375 ut
1038 2341 1144 2375 fructu
1168 2343 1211 2375 sit
1236 2344 1393 2376 caelorum

257 2387 390 2422 Gentem
415 2391 505 2431 regni
530 2390 652 2434 Syriae,
936 2389 1081 2423 Christus
1107 2399 1163 2423 nos
1188 2390 1380 2431 glorificans..

1230 2444 1271 2474 6*
