1655 2573
649 114 886 150 *77-

123 208 178 244 14.
206 210 351 243 Summae
376 210 427 243 vir
451 211 636 244 clementiae

254 266 447 299 magnaeque
473 259 610 299 virtutis,

207 304 271 336 sub
296 305 357 337 hoc
380 314 506 346 pugnae
529 306 666 345 triplicis

251 351 336 384 bello
363 352 551 396 constitutis,

206 399 301 438 Ecce,
324 399 417 431 nobis
439 400 586 440 impetra,

253 446 390 486 gratiam
412 448 525 479 salutis

207 493 343 525 Fraudis
370 493 545 527 diabolicae

253 541 396 573 curribus
421 540 542 572 solutis..

810 214 862 246 15.
889 212 1042 245 Liberam
1067 219 1200 251 corpora

935 260 1046 292 solitus
1071 259 1192 301 obessa,

889 306 994 340 Corda
1015 307 1101 337 muni
1125 306 1302 346 supplicum

934 353 1034 385 hostis
1060 353 1091 384 vi
1115 361 1272 393 repressa,

886 400 933 434 Ut
955 403 1028 440 post
1051 400 1134 432 hanc
1156 399 1335 431 instabilem

935 449 1027 480 detur
1051 456 1116 487 pax
1141 455 1300 488 expressa,

889 496 924 527 In
952 503 1012 534 qua
1034 494 1090 526 lux
1115 497 1147 525 et
1170 493 1287 526 veritas

936 545 1020 581 riget
1042 539 1212 573 indefessa.

185 625 265 651 (nat.
285 632 338 652 ms.
359 624 552 660 Aug-linarium
571 632 645 653 saec.
668 623 712 652 13.
752 624 822 653 Cod.
843 625 1005 653 Londinen.
1026 625 1074 652 Ar.
1097 623 1161 654 201.

578 753 638 786 155.
669 753 712 785 Dc
733 754 837 786 sancto
859 754 949 785 Luca.

125 834 154 866 1.
182 833 277 866 Lucis
301 833 393 865 heres
417 833 564 871 caelicae,

232 880 310 912 caeli
335 880 423 912 sidus
449 879 578 919 ciarum,

182 927 268 959 Luce
289 927 377 959 Luca
402 927 531 959 radians

231 974 318 1006 clara
341 974 524 1016 gratiarum,

180 1021 267 1053 Tuae
293 1021 407 1053 cedant
429 1020 540 1054 lumini

229 1068 337 1100 nubila
363 1068 535 1108 culparum,

183 1116 302 1154 Quibus
323 1115 358 1147 in
381 1115 443 1147 hac
465 1115 639 1155 premimur

230 1162 313 1194 valle
337 1163 550 1194 tenebrarum.

126 1239 156 1269 2.
182 1238 263 1269 Arte
287 1237 375 1269 Luca
399 1237 552 1278 geminae,

231 1283 340 1324 vigens
365 1284 553 1324 medicinae,

186 1330 274 1363 Tuae
297 1340 355 1363 nos
378 1331 552 1372 participes

233 1378 350 1410 reddas
377 1378 574 1420 disciplinae,

184 1425 316 1458 Animas
343 1428 375 1456 et
399 1433 532 1464 corpora

232 1471 383 1504 subtrahe
406 1472 524 1514 ruinae,

180 1519 226 1552 Ut
249 1520 382 1558 utraque
408 1527 544 1551 consona

225 1565 287 1606 legi
314 1566 377 1598 sint
404 1565 540 1600 divinae.

122 1643 153 1674 3.
180 1642 276 1678 Luca,
302 1642 417 1678 mentis
442 1642 574 1681 medice,

229 1689 311 1720 vitae
337 1690 386 1721 vir
409 1689 562 1729 sincerae,

175 1736 294 1769 Mentis
319 1738 447 1768 nostrae
472 1737 602 1769 vulnera

226 1784 362 1815 clemens
385 1783 520 1825 intuere,

177 1831 291 1871 Aegris
315 1839 405 1869 spem
427 1831 597 1863 restituens

222 1878 384 1917 sospitatis
409 1887 515 1918 verae,

176 1925 285 1957 Laesis
309 1925 530 1966 multipliciter

221 1973 369 2005 cordibus
393 1974 532 2008 medere.

113 2050 146 2083 4.
173 2049 254 2082 Boni
278 2058 367 2082 more
390 2049 501 2082 militis

218 2097 310 2137 signa
333 2106 466 2138 sequens
494 2098 593 2142 ducis,

171 2144 318 2177 Imitator
342 2145 470 2178 sedulus

217 2195 346 2225 sanctae
369 2192 473 2226 factus
499 2194 610 2234 crucis,

168 2241 262 2282 Actu,
290 2240 396 2279 verbo,
426 2241 552 2273 nomine

214 2288 386 2327 splendens
410 2288 532 2329 lampas
555 2289 647 2330 lucis,

166 2335 264 2375 Luca,
288 2345 347 2368 nos
369 2336 516 2369 illumina

212 2384 322 2417 levans
346 2392 366 2415 a
389 2385 528 2417 caducis.

805 835 836 867 5.
862 834 922 872 Tu,
946 836 1001 873 qui
1024 836 1159 872 primam
1182 832 1288 872 Moysi

908 880 1009 921 legem
1036 880 1091 912 das
1117 880 1150 912 in
1175 879 1260 921 Sina,

861 928 891 959 A
918 927 1073 959 communi
1096 927 1235 959 liberans

909 975 1010 1007 Israel
1034 973 1135 1014 ruina,

862 1022 980 1053 Aurem
1006 1020 1248 1061 supplicantium

910 1069 1058 1109 precibus
1081 1068 1210 1108 inclina,

865 1116 925 1148 Per
949 1117 1034 1147 hunc
1055 1124 1113 1147 nos
1138 1115 1286 1147 erudiens

910 1163 945 1194 in
967 1162 1037 1203 lege
1063 1162 1180 1195 divina.

808 1240 838 1271 6.
866 1238 1045 1271 Procedens
1072 1237 1112 1270 de
1136 1238 1254 1278 gremio

910 1286 1030 1317 ventris
1053 1285 1215 1326 puellaris,

867 1331 1011 1364 Paradisi
1033 1330 1174 1371 profluus

909 1378 1041 1418 fonsque
1065 1378 1244 1418 singularis,

864 1426 1002 1464 Quatuor
1026 1427 1060 1458 in
1083 1423 1213 1458 flumina

911 1481 985 1505 vere
1010 1473 1174 1513 derivaris,

864 1519 982 1559 Quibus
1002 1520 1112 1552 mundi
1137 1522 1272 1561 quatuor

910 1570 1018 1607 partes
1037 1567 1239 1608 amplexaris.

811 1656 836 1676 ι.
863 1643 952 1676 Haec
976 1645 1050 1676 sunt
1074 1644 1275 1684 evangelicae

911 1691 1009 1724 verba
1031 1691 1228 1734 disciplinae,

858 1739 952 1771 Orbis
977 1739 1143 1780 irrIgantia

904 1786 983 1818 fines
1008 1786 1066 1818 ‘tali
1090 1785 1162 1822 fine,

856 1833 902 1867 Ut
923 1832 1062 1866 fructum
1084 1833 1214 1867 uberius

901 1880 1042 1913 referant
1066 1881 1228 1914 doctrinae

854 1929 984 1969 Irrigati
1011 1929 1108 1968 copiis

901 1976 1023 2016 gratiae
1049 1976 1184 2008 divinae.

797 2053 829 2085 8.
857 2052 915 2084 His
940 2052 1025 2083 enim
1048 2052 1234 2085 instruimur

905 2099 1036 2132 excitati
1060 2099 1145 2131 sonis

857 2148 995 2179 Credere
1018 2147 1206 2188 mysterium

901 2194 1141 2235 incarnationis,

853 2242 1025 2275 Victricem
1053 2242 1228 2275 dominicae

898 2290 1036 2329 palmam
1060 2291 1228 2332 passionis,

850 2337 1057 2377 Resurgentis
1082 2338 1223 2380 gloriam,

895 2393 984 2424 spem
1009 2392 1212 2418 ascensmms.
