1655 2573
731 169 776 178 —-—
826 149 895 186 154
940 168 988 175 ———

600 243 667 274 292.
698 243 740 274 De
760 242 878 274 sanetis
899 239 1123 278 Innmnfflms.

236 334 267 366 1.
294 333 318 366 Ο
344 335 488 372 sugentes
512 333 705 373 innocentes,
963 328 1049 360 Hinc
1070 328 1104 359 in
1127 329 1228 361 Rama
1250 329 1358 360 vestra
1382 325 1468 357 fama

291 380 479 419 Sanguinem
504 382 536 409 et
557 379 608 410 lae
632 377 809 418 fundentes,

290 427 315 459 O
340 427 457 465 agnelli
478 427 542 456 tam
566 426 685 465 tenelli,

292 474 353 505 Vos
377 473 495 504 tirones
520 471 593 503 novi
616 470 693 503 belli

290 519 446 552 Primitivi
467 518 529 549 Dei
554 517 626 557 vivi,

293 566 374 597 Nam
397 564 518 597 cruoris
543 563 645 599 fluunt
668 563 730 595 rivi

336 610 398 644 Ex'
413 614 518 643 vestra
539 610 663 645 militia,

291 658 372 697 Quid
397 656 514 697 egistis,
530 656 627 697 ‘quem
651 654 796 695 laesistis,

289 706 386 744 Quem
410 714 467 736 vos
483 712 617 742 unquam
636 703 833 735 offendistis?

293 751 373 790 Quid
391 754 454 782 tam
473 750 599 781 demens
617 753 648 780 et
663 750 833 781 inclemens

294 797 410 830 Contra
433 805 489 828 vos
513 796 657 827 Herodes
681 795 817 827 fremens

289 844 367 875 Tam
391 843 534 884 pusillos,
559 847 623 874 tam
646 842 834 880 tranquillos

289 890 333 921 Et
357 897 480 920 omnmo
504 886 678 920 imbecillos

336 936 460 975 Pugnat
484 943 552 966 cum
577 933 731 966 saevitia?

258 1027 265 1033 .
290 1002 342 1033 Ex
366 1010 426 1040 quo
450 1002 533 1032 iacto
559 1004 644 1032 omni
665 1002 759 1039 pacto

293 1048 404 1085 Carne,
433 1046 538 1087 corde,
564 1055 629 1087 ore,
656 1045 740 1077 facto

291 1095 410 1130 Castus,
436 1102 542 1133 puros,
566 1101 630 1124 non
654 1092 797 1132 periuros

289 1140 357 1172 Nec
379 1140 556 1179 mendaces,
583 1139 639 1170 sed
664 1148 790 1170 securos

289 1187 352 1218 Vos
377 1195 396 1217 a
418 1186 501 1225 labe,
527 1187 595 1217 sine
618 1186 701 1225 tabe,

289 1233 339 1264 De
363 1232 484 1264 festuca
508 1233 559 1263 vel
584 1231 624 1264 de
647 1232 738 1264 trabe

337 1278 418 1311 Esse
440 1279 689 1319 purgatissimos.

963 375 1084 407 Crescit
1109 376 1150 407 de
1171 375 1311 408 Herodis
1336 381 1475 413 squama,

960 421 1041 453 Nam
1065 431 1151 454 nunc
1174 422 1265 454 statis
1291 423 1323 453 et
1345 419 1483 452 cantatis

962 469 1039 500 Cum
1063 478 1143 508 agno
1168 468 1374 507 zitharizatis,

963 515 1141 559 Candidati,
1162 515 1275 548 sociati

960 561 1054 593 Hunc
1077 565 1248 602 sequentes
1266 568 1392 601 semper
1412 559 1504 600 grati,

1005 609 1078 641 Hoc
1094 614 1156 641 ‘vos
1182 610 1242 653 dat·
1262 607 1502 652 darissimoszz

903 676 934 706 Ρ.
962 675 985 706 0
1013 675 1131 716 dilecti,
1156 674 1218 706 mei
1243 673 1321 705 recti

961 722 1026 753 Vos
1049 722 1177 761 patroni
1199 721 1253 752 hic
1275 719 1380 759 eiecti,

962 769 1080 799 Precor
1103 770 1169 799 tote
1193 770 1225 798 et
1250 768 1372 805 devote,

961 813 985 845 O
1014 813 1132 845 Christi
1156 814 1390 854 compatriotae,

958 859 1015 890 Me
1038 860 1146 892 iuvate
1171 862 1203 891 et
1226 863 1324 898 orate,

961 905 1023 937 Pro
1048 914 1098 937 me
1123 909 1228 938 coram
1253 914 1333 946 agno
1357 907 1448 947 state,

1007 952 1051 984 Ut
1075 957 1188 993 parcat
1206 952 1394 991 miserrimo,

961 1000 1007 1032 Ut
1031 1000 1180 1031 scurriles
1204 1008 1308 1030 mores
1333 998 1420 1041 viles,

959 1046 1075 1078 Omnes
1101 1049 1188 1078 actus
1212 1046 1351 1085 pueriles

958 1093 1028 1124 Iam
1054 1094 1216 1135 deponam,
1240 1096 1278 1123 ut
1297 1100 1444 1124 coronam

959 1139 1059 1171 Vobis
1084 1140 1201 1172 sanctis
1228 1139 1335 1170 datam
1357 1147 1491 1177 pronam

962 1185 1075 1217 Vestra
1098 1195 1194 1225 prece
1217 1195 1291 1217 mox
1315 1185 1348 1216 iu
1373 1193 1452 1216 nece

960 1231 1087 1263 Sumam
1112 1233 1180 1264 sine
1206 1232 1318 1271 culpae
1342 1230 1432 1263 faece

1005 1278 1126 1311 Fructu
1149 1279 1367 1311 saluberrimo.

295 1352 367 1379 Orat
385 1361 437 1379 ms.
461 1351 643 1380 Carthasian.
664 1360 739 1379 saec.
762 1351 804 1380 15.
845 1352 914 1379 Cod.
939 1351 1031 1387 Capit.
1051 1354 1199 1381 Treviren.
1222 1351 1284 1380 116.

603 1479 668 1510 293.
699 1481 742 1510 De
761 1479 877 1510 sanctis
896 1481 1121 1512 Innocentibus.

259 1594 266 1600 .
291 1567 316 1599 Ο
342 1567 427 1598 beati
449 1567 641 1606 innocentes,

290 1614 425 1651 Quorum
451 1621 542 1645 voces
566 1618 659 1652 atque
680 1617 801 1645 mentes

291 1659 380 1691 nihil
402 1660 477 1691 mali
500 1663 697 1700 peregerunt,

295 1706 379 1745 Quos
403 1707 546 1745 perversi
571 1707 763 1738 occiderunt.

260 1796 267 1803 .
293 1772 356 1803 Pro
381 1780 455 1811 rege
478 1773 551 1803 nato
575 1771 726 1804 trucidati

289 1818 335 1849 Et
357 1818 391 1850 in
414 1826 525 1850 cruore
547 1818 700 1858 baptizati

290 1865 433 1905 Regnum
457 1865 518 1896 Dei
540 1866 708 1908 meruistis,

289 1911 327 1943 In
352 1912 435 1950 quod
459 1912 534 1943 laeti
557 1912 722 1947 introistis,

257 2002 264 2009 .
289 1977 356 2009 Lac
379 1976 506 2009 fudistis
531 1986 601 2009 cum
631 1986 742 2010 cruore

288 2025 339 2055 Ac
360 2023 483 2062 perfusi
508 2025 587 2056 caeli
611 2033 683 2056 rore

291 2071 381 2102 Adae
406 2072 528 2112 culpam
553 2072 737 2111 exter-sisne,

290 2117 436 2149 Vestram
460 2121 579 2150 vestem
603 2118 758 2151 abluistis.

904 1569 937 1600 4.
962 1569 1092 1601 Caelum
1118 1569 1239 1600 cunctis
1263 1571 1442 1609 reserastis,

962 1614 1054 1646 Nova
1078 1615 1162 1647 bella
1185 1617 1402 1655 praeparastis

960 1660 1094 1703 Sanctis,
1114 1662 1257 1694 Christus
1270 1671 1347 1702 quos
1360 1664 1505 1703 redemit,

963 1708 1044 1747 Quos
1066 1710 1175 1749 iniqua
1199 1718 1275 1748 gens
1299 1712 1444 1750 peremit..

929 1800 936 1807 .
963 1773 1101 1806 Primum
1125 1778 1249 1814 gratum
1273 1775 1343 1807 Deo
1371 1777 1487 1808 donum

962 1820 1119 1853 Intulistis
1142 1822 1222 1854 caeli
1245 1822 1403 1862 thronum,

963 1867 1052 1905 Quod
1077 1869 1194 1901 direxit
1217 1870 1303 1908 patri
1322 1873 1414 1901 natus

963 1914 1025 1948 Pro
1051 1916 1153 1947 salute
1176 1916 1267 1948 nobis
1294 1918 1397 1951 datus,

929 2006 936 2013 .
964 1979 988 2011 O
1013 1980 1099 2012 beati
1123 1981 1318 2024 innocentes,

964 2026 1047 2065 Quos
1063 2028 1126 2060 iam
1145 2029 1252 2061 colunt
1268 2038 1376 2061 omnes
1389 2033 1510 2070 gentes,

963 2073 1050 2111 Quae
1073 2075 1106 2106 iu
1128 2076 1291 2116 *Christum
1308 2075 1361 2115 pie
1379 2076 1513 2109 credunt

961 2119 1007 2152 Et
1027 2130 1047 2152 a
1070 2120 1136 2153 fide
1159 2131 1222 2155 non
1246 2122 1410 2156 recedunt.

547 2185 578 2215 7.
602 2183 718 2215 Vestra
741 2193 836 2222 prece
859 2187 1014 2223 tueantur,

604 2229 695 2267 Quod
719 2238 737 2261 a
761 2231 852 2263 malis
877 2240 939 2262 non
963 2231 1141 2273 laedantur,

603 2274 666 2307 Sed
690 2276 852 2312 nobiscum
878 2281 1116 2319 consequentur,

603 2321 692 2360 Quod
718 2332 737 2355 a
763 2323 887 2355 Christo
913 2329 1112 2360 coronentur.

300 2400 379 2425 Orat.
395 2406 452 2426 ans.
475 2396 661 2425 carthusiam
676 2406 754 2426 saec.
773 2397 816 2428 15.
848 2399 918 2427 Cod.
939 2401 1032 2436 Capit.
1050 2400 1285 2431 Treviremlffi.
1310 2423 1313 2426 -
1373 2423 1379 2426 -
