1655 2573
246 375 300 408 15.

248 607 300 639 20.

248 840 301 872 25.

252 1575 305 1607 10.

248 1808 302 1841 15.

251 2042 305 2075 20.

249 2276 305 2309 25.

747 178 1004 216 —140—

325 279 380 313 Sic
401 288 535 322 sponsus
559 287 706 317 sponsam
732 278 846 320 tetigit,

326 329 414 361 Sicut
434 330 510 359 tune
533 334 648 365 sponso
674 324 813 366 placuit3

326 375 408 407 Nam
432 383 489 413 pro
515 375 628 404 ornatu
654 372 765 412 capitis

323 422 474 454 Velamen
497 419 646 451 mundum
672 418 800 457 virginis

323 469 377 500 Ad
401 468 550 499 honorem
575 465 684 503 sponsi
709 464 826 496 Christi

325 515 402 546 Tam
429 514 541 544 devote
564 511 763 551 assumpsisti

328 561 372 592 Et
388 559 588 591 claustralem
607 559 722 590 ducens
739 558 847 591 vitam,

330 607 422 639 Omni
444 606 562 638 virtute
585 605 726 647 politam,

326 654 363 685 In
389 662 449 692 qua
474 652 573 683 multa
597 652 684 683 clara
705 651 794 690 signa

328 699 466 741 Cunctis,
478 707 557 738 quae
564 698 735 729 suntlaude
743 697 846 738 digna,

326 747 389 778 Per
414 749 446 776 te
472 744 615 777 Christus
641 747 800 784 operatur,

326 793 465 824 Mundus
489 791 600 831 quibus
626 791 813 831 gratulatur.

329 839 437 872 Caecis
462 839 562 870 visum
587 838 767 876 reddidisti,

330 886 465 918 claudos
490 884 626 915 transire
650 883 763 923 fecisti,

326 932 497 972 Languidis
527 931 681 962 medelam

920 369 973 400 30.

920 603 974 636 35.

918 837 972 870 40.

999 276 1043 307 Etv
1066 273 1160 305 mutis
1185 271 1353 312 loquelam,

998 321 1174 353 Daemones
1199 323 1233 350 tu
1259 319 1413 361 effugasti,

1000 367 1172 400 Discordes
1201 366 1407 407 consociasti;

998 415 1134 448 Aridum
1158 413 1277 453 lignum
1300 412 1417 451 floruit,

998 462 1045 493 Te
1070 463 1187 492 castam
1213 468 1281 491 esse
1304 459 1501 491 monstravit.

1000 508 1076 540 Post
1098 507 1198 539 multa
1220 515 1295 539 vero
1321 510 1465 545 tempora

1000 554 1053 586 Sic
1076 557 1131 585 tua
1154 553 1272 585 munda
1296 554 1401 585 anima

1000 602 1096 634 Volat
1121 601 1161 632 de
1185 600 1301 632 mundo
1327 603 1359 631 et
1380 607 1513 639 corpore

999 649 1051 680 Ad
1075 649 1176 680 lucem
1201 649 1355 687 paternae
1379 646 1508 687 gloriae.

1000 696 1025 728 Ο
1051 696 1140 735 virgo
1165 697 1274 725 sancta
1298 694 1441 734 Brigida,

999 742 1114 774 Matris
1141 741 1260 773 Christi
1284 741 1485 780 pedissequa,

1000 789 1064 821 Ora
1070 788 1228 820 Christum
1239 796 1392 819 summum
1405 795 1521 827 regem,

999 836 1045 868 Ut
1070 836 1111 867 ad
1135 835 1225 865 illum
1250 834 1331 865 caeli
1354 842 1480 873 gregem

1000 882 1078 913 Post
1089 882 1172 912 hanc
1183 881 1282 912 vitam
1294 889 1344 911 me
1356 880 1522 920 perducat,

1003 928 1063 960 Ubi
1089 928 1157 959 sine
1182 926 1244 958 fine
1267 930 1389 967 regnat.

308 987 386 1015 Orat.
408 995 461 1013 ms.
484 985 667 1013 Carthusian.
689 993 763 1012 saec.
786 983 829 1011 15.
871 983 938 1011 Cod.
961 984 1055 1019 Capit.
1074 983 1223 1009 Treviren.
1246 979 1308 1010 116.

650 1057 716 1089 269.
746 1057 787 1088 De
807 1057 916 1087 sancta
938 1055 1102 1087 Christina.

328 1110 453 1141 Dilecta
477 1109 545 1141 Deo
573 1108 741 1146 Christina,

328 1159 425 1194 Quam
452 1155 578 1187 extollit
603 1155 658 1187 lux
686 1155 802 1194 divina,

327 1202 468 1234 Laudem
493 1204 578 1233 tuam
604 1204 729 1241 promat
753 1201 837 1232 laeta

326 1248 441 1280 Sancta
465 1251 565 1279 mater
591 1248 734 1279 ecclesia.

293 1321 299 1327 .
327 1295 408 1327 Nam
430 1296 463 1326 in
489 1297 544 1325 tua
566 1295 729 1327 iuventute

329 1343 405 1374 Cum
431 1344 548 1373 virtute
573 1344 604 1372 et
627 1342 728 1373 salute

327 1388 439 1420 Falsos
466 1389 540 1419 deos
566 1387 780 1427 contempsisti

330 1436 464 1474 Propter
489 1434 657 1474 Christum,
684 1443 774 1474 quem

625 1481 785 1520 quaesisti,

330 1528 426 1566 Quem
444 1528 531 1566 virgo
550 1528 645 1559 corde
657 1527 849 1566 sequebams.

332 1574 446 1605 Verbis
456 1576 487 1604 et
495 1572 587 1604 factis
597 1575 659 1605 tam
666 1573 848 1613 praeclaris.

331 1621 355 1652 O
381 1620 517 1652 amatrix
543 1621 706 1659 castitatis,

332 1667 406 1698 Flos
431 1669 579 1699 venustus
607 1668 743 1707 deitatis,

329 1714 424 1752 Quem
450 1713 569 1754 carpsit
591 1713 652 1746 Dei
675 1713 758 1746 filius

328 1761 475 1793 Electum
498 1768 577 1799 prae
600 1761 737 1800 milibus,

328 1807 386 1845 Qui
411 1809 536 1846 spretus
561 1815 580 1837 a
607 1807 802 1847 parentibus,

330 1854 508 1885 Sordidatis
530 1854 687 1886 mentibus

328 1902 375 1933 Te
399 1900 583 1932 conculcant
607 1901 741 1941 pedibus

331 1948 401 1979 Suis
425 1947 625 1987 ignobilibus,

330 1994 469 2034 Sponsus
477 1994 619 2026 Christus
626 2003 716 2034 quem
724 1994 849 2033 collegit

330 2042 372 2073 Et
397 2042 430 2072 in
454 2044 570 2073 sertum
597 2042 657 2074 sibi
681 2040 787 2081 fregit,

327 2089 416 2128 Quod
444 2088 576 2128 ornasti,
603 2089 717 2120 rubens
741 2096 824 2127 rosa,

327 2136 366 2166 In
391 2135 508 2166 virtute
531 2136 682 2174 speciosa.

328 2183 353 2213 O
380 2182 547 2221 praeclara
570 2183 750 2222 margarita,

326 2228 425 2259 Manu
449 2228 549 2267 patris
575 2228 621 2258 sic
644 2229 745 2267 polita

331 2275 394 2307 Per
417 2274 474 2305 hos
501 2275 586 2305 diros
612 2275 779 2314 cruciatus,

328 2322 389 2353 Per
412 2322 581 2361 malignum
607 2320 801 2353 confortatus

919 1247 973 1279 30.

922 1479 975 1511 35.

920 1712 974 1745 40.

922 1948 976 1980 45.

921 2183 975 2214 50.

1000 1106 1166 1139 Inimicum
1192 1105 1346 1137 castitatis

999 1153 1043 1185 Et
1066 1153 1199 1183 amicum
1224 1150 1394 1191 falsitatis3

1000 1199 1106 1238 Quem,
1130 1198 1235 1230 fidelis
1258 1199 1346 1238 virgo
1371 1198 1500 1237 Christi,

999 1247 1037 1278 ln
1062 1246 1164 1277 tribus
1188 1244 1337 1277 membris
1362 1244 1475 1282 vicisti,

1001 1293 1075 1326 Cum
1107 1294 1173 1323 tres
1196 1292 1320 1330 iniquos
1343 1292 1476 1330 iudices,

1000 1339 1058 1377 Qui
1084 1338 1213 1370 canibus
1238 1342 1311 1370 sunt
1337 1338 1466 1375 similes,

999 1385 1090 1417 Forti
1114 1385 1178 1417 fide
1204 1385 1373 1417 debellasti

1000 1432 1044 1465 Et
1068 1431 1179 1465 fideles
1200 1433 1369 1471 superasti.

1003 1479 1027 1511 O
1056 1480 1172 1510 dilecta
1195 1479 1257 1511 Dei
1281 1482 1366 1519 nata,

1001 1527 1037 1558 In
1065 1526 1240 1565 exemplum
1266 1526 1357 1558 nobis
1385 1526 1467 1567 data,

1001 1572 1048 1605 Ut
1071 1573 1231 1613 speculum
1258 1573 1466 1605 clarissimum

1001 1619 1139 1659 Fulgens
1164 1628 1222 1659 per
1245 1628 1336 1651 omne
1352 1619 1522 1652 saeculum.

1001 1666 1025 1698 O
1052 1666 1221 1708 Christina,
1248 1666 1336 1707 virgo
1360 1667 1426 1706 pia,

1002 1713 1122 1746 Christi
1145 1716 1247 1744 matre
1273 1722 1341 1745 cum
1366 1713 1483 1752 Maria,

1003 1759 1097 1792 Cuius
1122 1760 1324 1792 benedictum
1348 1763 1456 1792 natum

1000 1807 1082 1839 Mihi
1107 1815 1232 1848 semper
1256 1805 1309 1839 fac
1332 1808 1502 1848 placatum.

1002 1854 1071 1885 Tua
1094 1863 1180 1885 mors
1206 1857 1255 1885 est
1278 1855 1429 1896 pretiosa,

1002 1901 1084 1932 Nam
1111 1902 1150 1933 de
1174 1901 1268 1940 spina
1293 1903 1358 1934 exit
1381 1911 1463 1943 rosa,

1003 1948 1085 1980 Dum
1116 1949 1208 1987 spina
1232 1957 1335 1980 rosam
1359 1951 1528 1989 punxerat,

1002 1995 1140 2027 Odorem
1165 1996 1249 2027 vitae
1273 1996 1438 2036 germinat.

1000 2041 1151 2073 Fructum
1178 2043 1262 2074 vitae
1288 2044 1329 2074 da
1353 2046 1479 2082 gustare

1001 2089 1102 2120 Nobis
1128 2097 1253 2128 semper
1278 2093 1310 2121 et
1333 2098 1440 2121 amare

1003 2136 1090 2168 Caeli
1113 2144 1219 2176 regem
1245 2144 1314 2168 cum
1339 2136 1445 2168 Maria

1001 2183 1071 2214 Tua
1094 2183 1160 2221 iugi
1183 2191 1279 2221 prece
1304 2184 1367 2223 pia,

1002 2229 1046 2260 Et
1071 2229 1146 2260 dum
1170 2229 1280 2260 mortis
1304 2231 1404 2261 instat
1425 2230 1505 2261 hora

1002 2275 1065 2306 Pro
1090 2276 1192 2306 salute
1217 2275 1347 2308 elabora

1001 2321 1128 2362 Nostra,
1154 2322 1243 2362 virgo
1268 2324 1416 2364 gloriosa,

1000 2369 1025 2400 O
1049 2369 1187 2400 iucunda
1212 2369 1327 2403 rubens
1353 2380 1434 2403 rosa.

310 2428 389 2453 Orat.
415 2433 467 2451 ms.
494 2424 679 2452 Carthusian.
709 2432 784 2451 saec.
814 2422 858 2452 15.
903 2423 972 2452 Cod.
994 2424 1086 2460 Capit.
1106 2426 1255 2454 Treviren.
1283 2425 1345 2455 116.
1369 2443 1404 2448 -
1432 2426 1467 2455 51
1489 2429 1531 2456 Ut

233 2464 301 2492 dum
320 2464 422 2491 mostis
443 2463 493 2490 Hs.
