1655 2573
246 517 263 547 (5¹

226 747 280 778 10.

225 978 280 1011 15.

227 1210 280 1242 20.

230 1442 269 1473 25

232 1720 285 1752 30.

231 2167 263 2198 1.

720 160 974 199 -172-

607 258 673 289 322.
704 258 747 289 De
763 264 802 288 ss.
818 254 936 287 Simone
952 253 985 285 et
998 251 1084 283 Iuda.

301 329 416 361 Sancte
439 327 544 360 Simon
571 328 744 361 Cananaee,

302 376 418 408 Sancte
441 375 522 407 Iuda
545 376 595 406 vel
620 374 778 414 Thadaee,

303 422 515 462 congaudete,
540 420 747 460 praeiucuudi

303 469 468 507 Principes
492 468 587 498 totins
611 466 728 506 mundi,

269 541 276 548 .
301 514 405 546 Ambo
430 513 522 544 nimis
546 512 699 553 honorati,

303 561 405 600 Super
429 568 518 599 reges
544 559 681 591 exaltati.

302 607 325 639 O
352 615 446 646 quam
460 606 577 637 bonum
593 607 624 636 et
638 605 820 638 iucundum«

301 653 442 692 Fratres,
462 661 516 684 cor
532 653 648 684 habere
659 652 818 692 mundum,

304 699 402 731 Simul
426 707 550 738 semper
573 698 717 731 habitare

306 746 350 777 Et
372 746 406 777 in
431 746 550 777 cunctis
576 745 766 777 concordare

305 792 417 831 Carne,
440 791 505 823 fide
530 795 559 823 et
584 800 699 834 amore,

303 840 376 870 Vita
402 841 432 870 et
460 839 610 870 virtutum
634 846 731 869 more.

303 885 355 917 Sic
378 894 443 922 VOS,
471 885 535 916 cari
559 883 675 917 fratres
699 884 775 915 bini.

305 932 422 963 Summi
446 931 507 962 Dei
532 931 719 970 consobrini,

306 977 437 1017 Semper
459 977 538 1008 bene
563 977 798 1015 concordantes,

305 1024 444 1056 Verbum
470 1023 532 1055 Dei
555 1024 774 1063 praedicantes

305 1071 411 1102 Persis
434 1079 546 1109 pacem
570 1070 728 1107 attulistis,

305 1117 438 1155 Quorum
464 1126 567 1156 regem
593 1117 789 1147 convertistis

307 1163 475 1203 Sexaginta
497 1164 645 1203 miliaque

308 1210 498 1250 Populorum
522 1210 762 1248 circumquaque

306 1256 434 1295 Absque
458 1257 565 1295 parvis
591 1255 785 1294 baptizantes

305 1302 349 1333 Et
372 1303 405 1333 in
428 1300 492 1334 fide
516 1303 710 1334 roborantes,

305 1348 497 1381 Confudistis
526 1357 654 1388 prorsus
679 1357 785 1388 vagos,

307 1395 439 1433 Zaroen,
464 1396 632 1434 Arphaxat
654 1403 770 1433 magos

310 1442 470 1480 Quendam
495 1446 634 1472 sanctum
659 1444 734 1471 tunc
749 1441 825 1473 levi-

604 1490 678 1525 tam,

309 1533 531 1565 Observantem
557 1536 673 1565 castam
697 1534 802 1570 vitam,

309 1580 402 1611 Hunc
425 1580 540 1611 iniuste
566 1579 766 1622 diffamatum,

312 1628 405 1665 Quasi
430 1627 594 1667 polluisset
617 1629 759 1664 stratum,

310 1673 482 1705 Liberastis
507 1674 585 1705 mire
609 1673 670 1715 pie,

311 1719 412 1751 Parvo
436 1719 469 1750 in
495 1720 603 1751 eodem
630 1719 681 1750 die

310 1765 392 1797 Nato
418 1765 528 1797 dantes
552 1774 645 1806 posse
671 1765 738 1797 fari.

312 1812 357 1844 Ut
380 1815 487 1852 posset
509 1813 615 1844 insons
640 1813 767 1845 salvari.

311 1858 417 1891 Infans
442 1858 543 1891 fatur:
570 1868 631 1891 non
657 1862 702 1890 est
726 1868 812 1890 meus

307 1907 373 1937 Iste
393 1908 485 1946 pater
508 1915 567 1938 nec
589 1908 636 1938 est
657 1915 737 1938 reus.

889 326 943 357 35.
969 321 1022 353 Fit
1047 321 1144 352 levita
1165 320 1270 352 salvus
1295 320 1343 352 ita

968 368 1047 400 Tam
1076 368 1107 399 in
1133 366 1219 399 fama
1241 376 1334 407 quam
1356 366 1389 397 111
1415 367 1489 400 vita.

970 415 1081 446 Vestro
1105 415 1192 445 iussu
1219 414 1361 445 exierunt

969 461 1023 493 Dii
1047 461 1121 493 vani
1145 463 1177 492 et
1201 458 1364 501 fregerunt

969 508 1047 540 Suas
1072 508 1163 539 sedes
1190 507 1365 547 deauratas

888 558 944 589 40.
968 554 1061 586 Fecit
1083 556 1203 586 mentes
1228 554 1289 585 hoc
1312 554 1420 592 iratas,

970 601 1175 633 Sacerdotum
1199 601 1366 637 idolorum,

973 648 1050 680 Cum
1075 646 1182 680 furore
1207 647 1259 686 qui
1284 655 1440 679 armorum

972 695 1034 726 Vos
1059 694 1167 726 beatos
1192 694 1392 725 trucidarunt

969 741 1191 780 Martyresque
1216 743 1448 773 consecrarunt.

972 788 995 819 O
1022 788 1114 819 electi
1137 787 1197 819 mei
1222 790 1339 826 patres,

971 834 1059 866 Estis
1085 835 1145 866 duo
1171 834 1240 864 veri
1264 833 1390 875 fratreS,

975 881 1045 913 Una
1070 881 1129 923 die,
1159 889 1222 911 11113
1246 889 1354 923 pausa,

974 926 1043 959 Uno
1068 928 1147 967 loco,
1168 936 1231 958 una
1256 935 1359 967 causa,

974 973 1045 1005 Una
1064 977 1166 1005 morte
1191 975 1339 1015 coronati,

973 1020 1044 1052 Uno
1069 1021 1155 1052 eaelo
1177 1020 1354 1061 praemiati,

974 1066 1045 1098 Una
1069 1075 1189 1098 summa
1215 1067 1367 1105 dignitate

974 1112 1050 1144 Cum
1074 1123 1136 1144 una
1160 1113 1380 1146 sollemnitate.

973 1160 997 1191 Ο
1024 1160 1126 1191 olivae
1149 1159 1287 1199 pietatis,

974 1205 1044 1237 Duo
1069 1207 1136 1237 nati
1161 1206 1325 1246 claritatis,

921 1256 951 1285 5.
978 1252 1045 1291 Ego
1071 1256 1176 1284 vester
1199 1261 1308 1284 servus
1333 1262 1412 1284 unus

975 1299 1102 1338 Precor,
1131 1300 1204 1331 date
1227 1299 1304 1330 mihi
1329 1308 1440 1330 munus

977 1346 1077 1377 Verae
1101 1354 1226 1385 semper
1249 1346 1393 1387 unitatis,

975 1393 1067 1426 Pacis
1091 1396 1185 1433 atque
1210 1393 1360 1424 caritatis.

975 1439 1029 1472 Ad
1042 1448 1097 1471 vos
1107 1442 1205 1471 totam
1213 1448 1300 1478 spem
1311 1439 1497 1482 praetendo,

977 1485 1090 1516 Totum
1117 1486 1205 1517 vobis
1229 1494 1278 1516 me
1303 1486 1496 1524 commendo,

977 1531 1038 1563 Gor
1055 1534 1087 1562 et
1103 1541 1216 1571 corpus
1233 1541 1346 1574 meum,
1369 1535 1496 1575 sortem,

975 1577 1115 1621 Famam,
1135 1580 1232 1609 vit-am
1248 1581 1343 1618 atque
1355 1582 1498 1614 mortem,

976 1624 1040 1657 Mei
1064 1626 1133 1657 sitis
1160 1628 1193 1656 ut
1220 1624 1330 1657 fideles

977 1670 1094 1703 Contra
1117 1672 1223 1703 hostes
1250 1676 1314 1703 tam
1340 1672 1483 1703 crudeles

975 1718 1014 1751 In
1038 1718 1087 1749 his
1113 1719 1232 1750 cunctis
1256 1721 1462 1760 protectores,

977 1765 1056 1797 Post
1077 1765 1118 1797 ad
1143 1765 1264 1797 caelum
1290 1766 1489 1809 deductoreS,

979 1811 1044 1844 Ubi
1068 1820 1192 1852 semper
1214 1812 1246 1843 in
1275 1813 1380 1845 divino

982 1858 1093 1891 Vestro
1117 1860 1218 1891 laeter
1244 1860 1441 1899 consobrino,

980 1906 1017 1937 In
1041 1915 1101 1945 quo
1127 1915 1280 1938 summum
1305 1911 1354 1938 est
1370 1915 1502 1938 ovamen

889 790 945 823 45.

890 1010 947 1054 ΞΟ.

896 1487 951 1519 60.

897 1720 951 1751 65.

565 1955 619 1986 70.
647 1954 720 1985 Gum
747 1959 840 1992 patre
864 1955 896 1983 et,
919 1951 1006 1984 flatu.
1050 1954 1163 1987 Amen.

292 2007 371 2036 Orat.
391 2016 443 2036 ms.
466 2007 646 2036 Carthusian.
667 2016 734 2035 saec
768 2005 812 2035 15.
852 2008 921 2035 Cod.
943 2008 1037 2042 Capit.
1056 2009 1205 2036 Treviren.
1228 2006 1290 2035 116.

607 2098 673 2129 323.
704 2099 747 2129 De
766 2106 806 2130 ss.
826 2099 946 2130 Simone
968 2099 999 2130 et
1016 2098 1102 2130 Iuda.

288 2166 405 2209 Simon,
430 2168 520 2210 Iuda,
548 2177 565 2199 o
593 2167 710 2206 dilecti,

287 2213 390 2245 Ambo
417 2213 533 2245 Christi
558 2223 612 2246 vos
638 2214 730 2245 electi

330 2260 374 2292 Et.
397 2260 557 2301 principes
583 2261 748 2300 caelorum,

288 2307 353 2338 Vos
379 2307 506 2346 congrui
532 2307 707 2347 decoribus,

288 2353 450 2386 Formales
477 2354 578 2395 dignis
602 2354 750 2393 moribus,

335 2401 485 2435 Concives
509 2402 700 2441 angelorum.

902 2169 933 2200 2.
959 2168 1078 2200 Multos
1099 2168 1195 2201 fidem
1220 2177 1315 2201 verae
1337 2170 1416 2209 legis

957 2214 1002 2247 Et
1027 2215 1133 2246 edicta
1155 2216 1235 2246 meri
1261 2218 1345 2256 regis

1006 2261 1172 2294 Subversis
1195 2262 1363 2303 imbuistis,

957 2307 1094 2341 Persidis
1119 2309 1166 2340 sic
1187 2309 1356 2342 illustratis

955 2355 1000 2387 Et
1022 2364 1182 2396 magorum
1209 2356 1375 2390 denudatis

1006 2401 1186 2435 Fraudibus
1211 2412 1250 2438 ac
1274 2405 1381 2445 egistis
