1655 2573
650 109 878 146 *65—

126 200 182 234 11.
207 201 383 235 Eructante
408 204 565 245 siquidem

254 253 347 289 patre
371 251 503 284 verbum
528 253 644 285 bonum

206 296 364 337 Mysticus
389 301 604 338 praemittitur

253 352 401 377 numerus
426 355 627 388 praeconum,

209 390 269 429 Qui
293 400 351 431 per
375 392 483 425 orbem
509 393 639 426 efferens

255 438 399 471 veritatis
425 448 536 472 sonum

209 484 361 517 Uteretur
385 486 523 519 omnium

255 535 370 572 genere
395 542 582 566 sermonum.

129 588 182 620 12.
209 589 333 627 Spretis
357 598 429 629 ergo
456 593 595 622 veterum

253 635 367 667 ritibus
393 644 535 668 errorum

207 680 325 714 Christi
348 681 444 713 fidem
466 683 600 724 suscipit

251 736 310 768 per
334 729 366 760 te
389 738 465 769 gens
487 730 649 771 Indorum,

205 774 276 807 Non
302 775 402 807 solum
426 776 601 818 insignibus

254 821 364 855 inclita
388 824 556 867 signorum,

205 869 323 902 Verum
348 873 377 902 et
401 871 578 910 praeconiis

251 915 401 957 insignita
423 926 554 950 morum.

804 207 857 240 13.

802 590 855 623 14.

882 207 966 246 Quos
990 206 1088 238 sacris
1114 205 1323 246 dogmatibus,

930 255 1048 294 sancte,
1098 253 1154 284 das
1178 251 1292 285 florere

883 300 978 332 Fidei
1003 300 1141 340 vestigiis

932 346 984 380 fac
1007 356 1064 379 nos
1090 347 1277 383 adhaerere,

884 394 929 427 Ut
953 395 1036 434 quod
1060 402 1143 425 nunc
1166 400 1224 432 per
1244 391 1406 431 speculum

932 441 1034 474 credit
1056 450 1143 473 mens
1168 440 1299 478 sincere,

888 489 920 520 In
946 486 1053 520 futuro
1077 488 1182 519 verius

930 535 1067 576 gaudeat
1089 535 1210 569 videre.

882 591 985 630 Caput
1007 599 1115 622 caesus
1139 589 1254 632 gladio,

930 639 1000 669 cute
1024 639 1196 676 reversata,

881 685 965 717 Vere
988 683 1129 724 gaudens
1154 683 1262 714 vivere

927 733 1029 762 morte
1058 729 1261 772 triumphata,

881 776 1034 810 Transfer
1056 786 1114 809 nos
1140 776 1183 809 ad
1208 776 1324 816 gaudia

926 824 1044 857 sanctis
1069 825 1269 865 praeparata,

879 872 941 904 Suo
969 871 1107 904 reddens
1133 869 1229 910 capiti

924 919 1066 951 membra
1092 919 1247 958 coaptata.

481 973 533 1007 15.
560 973 739 1015 Disponens
763 974 897 1014 imperia

608 1030 712 1062 manu,
738 1030 804 1061 rex,
830 1023 974 1062 paterna,

561 1068 665 1101 Patris
689 1069 770 1101 tanti
793 1068 942 1108 precibus

607 1115 661 1155 pie
684 1124 743 1148 nos
767 1116 917 1157 guberna,

560 1162 607 1196 Ut
629 1162 671 1195 sit
690 1162 782 1195 nobis
807 1163 931 1203 requies

607 1210 641 1241 in
664 1212 697 1241 te
720 1210 922 1250 sempiterna,

561 1256 606 1289 Et
628 1256 663 1288 in
687 1256 777 1289 nobis
802 1260 930 1289 resonet

610 1303 669 1335 tibi
692 1304 762 1336 laus
786 1307 923 1338 aeterna.

186 1367 265 1395 Orat.
284 1376 337 1395 ms.
356 1367 550 1404 Anglieanum
570 1377 645 1397 saec.
668 1366 711 1397 13.
742 1366 812 1397 Cod.
831 1368 993 1397 Londinen.
1014 1367 1064 1396 Ar.
1084 1364 1148 1395 201.

525 1478 586 1510 147.
615 1479 659 1511 De
680 1480 785 1512 saneto
805 1478 978 1511 Benedicta.

120 1548 151 1582 1,
177 1547 269 1581 Vires
294 1557 412 1589 augens
437 1551 469 1580 et
488 1548 627 1582 invictae

224 1593 320 1628 Fidei
343 1596 558 1639 constantiam,

178 1642 289 1684 Tuam,
314 1645 407 1683 pater
430 1643 614 1684 Benediete,

222 1690 358 1731 Respice
382 1690 543 1735 familiam,

177 1738 298 1770 Laesae
321 1738 435 1770 mentis
460 1742 493 1771 et
516 1737 655 1772 afflictae

222 1785 379 1817 Relevans
403 1786 572 1818 miseriam.

122 1842 154 1874 2.
181 1841 298 1873 Pietati
320 1842 415 1883 iunge
438 1851 563 1883 precem

220 1889 265 1921 Et
289 1892 363 1922 vota
389 1890 581 1932 elementiae,

173 1936 220 1969 Ut,
243 1937 368 1977 peccati
391 1940 504 1978 purget
529 1937 648 1971 faecem

221 1985 307 2017 Fons
336 1993 484 2018 emanans
508 1987 629 2026 veniae,

175 2031 237 2064 Cor
262 2033 435 2065 emundans
461 2036 491 2064 et
516 2032 691 2069 fecundans

220 2079 315 2120 Aqua
339 2080 522 2120 sapientiae.

118 2137 148 2170 3.
174 2136 343 2177 Regularis
367 2137 452 2170 vitae
475 2147 596 2179 norma,

220 2184 315 2225 Legis
337 2187 467 2218 sanctae
488 2187 662 2227 specuium,

172 2231 251 2264 Eius
277 2233 347 2273 lege
369 2242 427 2266 nos
451 2233 598 2275 informa,

220 2280 280 2320 Qui
304 2281 391 2314 salus
416 2284 465 2313 est
488 2282 642 2322 exsulum,

171 2327 230 2367 Qui
255 2331 403 2370 suscepta
427 2330 512 2362 servi
537 2329 641 2362 forma

217 2374 416 2410 Reformavit
436 2377 605 2411 servulum.

155 2433 265 2462 mame,
282 2436 327 2460 Pia
338 2437 481 2460 Dietamina.

795 1549 828 1582 4.
853 1551 892 1582 In
916 1550 1085 1590 procinctu
1106 1546 1285 1580 constitutis

902 1597 1032 1637 Signum
1059 1596 1100 1628 da
1122 1593 1285 1635 victoriae,

854 1645 951 1677 Certa
973 1646 1082 1676 manet,
1104 1651 1179 1682 spes
1203 1640 1315 1673 salutis

900 1692 1069 1724 certantes
1092 1690 1127 1722 in
1151 1689 1229 1733 acie,

854 1739 889 1771 Si
915 1740 980 1772 dux
1004 1738 1084 1771 assit
1108 1735 1269 1770 destitutis

900 1787 989 1819 Tuae
1011 1787 1114 1819 virtus
1139 1784 1270 1825 gratiae.

854 1844 930 1877 Veri
952 1843 1016 1876 Dei
1038 1842 1238 1885 praeelectus

900 1891 1011 1924 Cultor
1034 1900 1054 1923 a
1079 1888 1252 1927 cunabulis,

851 1939 911 1980 Qui
936 1938 1080 1971 caelestis
1103 1936 1285 1969 intellectus

899 1986 1045 2019 Gratiam
1075 1986 1130 2017 dat
1153 1982 1306 2025 parvulis,

852 2035 936 2067 Puer
961 2033 1068 2067 adhue
1090 2033 1149 2065 sed
1172 2028 1335 2072 perfectus

900 2081 1034 2114 Fuisisti
1058 2079 1230 2112 miraculis.

851 2139 907 2172 Nil
931 2138 984 2171 hic
1008 2140 1106 2180 aetas,
1131 2137 1178 2169 nil
1200 2136 1317 2168 natura

898 2187 996 2220 Suum
1019 2185 1081 2218 sibi
1106 2184 1259 2222 vindicat,

852 2235 917 2268 Sed
940 2236 974 2267 in
998 2242 1057 2266 sua
1081 2241 1116 2266 se
1140 2231 1267 2265 factura

898 2283 1017 2316 Rerum
1040 2279 1144 2313 faetor
1167 2278 1300 2318 indicat,

852 2330 930 2363 Cum
953 2338 1012 2369 per
1036 2328 1127 2369 signa
1149 2335 1230 2368 puer
1253 2326 1348 2365 plura

899 2376 1018 2412 obsisti
1043 2376 1138 2408 tidem
1163 2373 1312 2413 explieat.
