1655 2573
786 176 1034 212 -126—

299 279 330 311 7.
358 278 519 314 Gaude,
544 276 681 316 turpiter
705 273 823 305 nudata

355 325 439 357 Mire
461 324 536 365 pilis
559 332 592 354 es
618 322 732 359 velata,

355 372 535 403 Scortorum
559 370 681 400 intrans
708 365 867 405 cingulum

358 417 525 449 Custodem
549 414 648 447 habes
674 412 829 452 angelum,

299 476 331 507 8.
358 474 417 512 Qui
440 472 560 503 solatur
584 472 617 500 te
640 469 841 503 maerentem,

356 520 513 550 Lenonem
538 515 753 547 lascivientem

354 565 422 595 Tua
446 571 541 602 prece
564 559 735 592 mortificat

355 611 397 642 Et
421 612 533 649 postea
558 606 710 641 vivificat.

297 668 327 699 9.
355 665 511 704 Gaude,
536 672 616 703 quae
642 664 750 702 erepta
773 661 868 701 digne

354 714 399 745 Es
424 722 443 744 a
466 711 577 752 prunis
603 713 635 741 et
658 709 697 741 ab
722 709 796 748 igne

355 760 471 800 Magno
499 758 560 790 Dei
583 756 734 797 mysterio

355 806 490 839 Perfusa
517 803 693 844 refrigeriO.

277 864 329 895 10.
356 862 497 894 Tandem
524 869 597 892 ense
620 858 770 899 iugularis

356 910 478 949 Sponsa
504 906 631 944 Christi,
659 908 819 937 coronaris

355 957 394 988 In
418 954 610 994 sempiterna
634 952 734 992 gloria

358 1004 418 1034 Pro
443 1001 552 1033 habita
573 999 716 1031 victoria.

949 269 1002 301 11.
1031 265 1190 303 Gaude,
1216 271 1334 302 sponsa.
1356 263 1422 294 tam
1441 258 1555 300 fidelis,

1027 311 1153 350 Mundi,
1180 310 1278 341 Satan
1302 308 1395 340 victis
1420 307 1502 345 telis,

1028 359 1082 391 Sic
1106 357 1168 389 tuis
1193 355 1377 397 patrociniis

1029 408 1059 437 A
1087 404 1190 436 carnis
1208 402 1373 434 lenociniis

949 465 1004 495 12.
1030 462 1103 493 Non
1127 468 1178 491 me
1203 460 1289 490 sinas
1315 458 1460 497 superari

1030 509 1099 540 Nec
1123 506 1163 538 ab
1188 506 1263 537 ullis
1288 505 1423 537 lacerari

1030 553 1220 587 Mortalibus
1240 552 1374 593 piaculis

1029 601 1139 633 Hostis
1164 599 1274 632 infesti
1297 599 1420 634 iaculis.

949 660 1002 692 13.
1031 657 1191 696 Gaude,
1226 656 1314 688 caelo
1338 656 1402 688 iam
1427 655 1556 696 munita,

1030 705 1152 747 Sponso
1178 712 1304 743 semper
1329 711 1362 733 es
1386 703 1486 743 unita„

1032 752 1091 791 Qui
1123 760 1182 791 pro
1208 759 1243 782 se
1266 759 1396 790 passam
1420 750 1558 789 graviter

1030 799 1123 831 Nunc
1147 798 1347 837 amplexatur
1372 797 1520 830 suaviter.

952 857 1005 888 14.
1032 855 1122 887 Sicut
1149 853 1269 885 ferrum
1294 853 1396 885 trahit
1418 862 1556 893 magnes,

1031 902 1137 933 Trahe
1159 910 1211 932 me
1227 903 1301 940 post
1317 903 1350 931 te
1366 900 1423 943 sic,
1441 901 1557 942 Agnes,

1033 948 1175 981 Solutum
1200 948 1240 979 ab
1265 947 1327 979 hoc
1350 948 1474 979 saeculo

1032 996 1205 1027 Praesente.
1227 995 1289 1026 Dei
1315 995 1450 1034 speculo.

340 1076 420 1104 Orat.
439 1084 492 1102 ms.
514 1074 698 1102 Carthusian.
721 1081 796 1100 saec.
820 1071 863 1100 15.
904 1071 973 1099 Cod.
994 1072 1089 1107 Capit.
1108 1071 1259 1098 Treviren.
1281 1067 1344 1096 116.

671 1194 738 1225 248.
768 1193 812 1224 De
832 1193 942 1224 sancta
963 1190 1153 1231 Aldegunde.

280 1275 310 1307 1.
338 1275 451 1307 Gaude
474 1274 569 1306 laude
593 1274 755 1315 mundiali,

339 1322 547 1362 Aldegundis‚
574 1331 646 1353 nam
671 1321 772 1360 regali

381 1369 427 1400 Es
451 1369 609 1408 producta
632 1376 757 1409 genere,

333 1416 426 1447 Licet
461 1416 556 1446 micet
579 1416 612 1446 in
636 1415 697 1446 hoc
721 1415 882 1456 splendor,

336 1463 424 1494 Sicut
448 1465 553 1493 tamen
578 1465 699 1493 stercus
722 1461 835 1493 Endor

382 1509 456 1540 Tibi
479 1509 638 1549 nymphae
663 1512 799 1540 tenerae.

277 1568 307 1598 2.
336 1565 457 1602 Gaude,
482 1566 564 1596 aude
588 1565 728 1605 gloriari,

335 1612 424 1644 Nulli
449 1621 564 1652 sponso
591 1612 776 1651 desponsari

380 1659 515 1699 Elegisti
539 1659 650 1699 libere,

335 1706 401 1738 Soli
426 1707 493 1745 poli
516 1706 604 1746 iungi
627 1715 753 1747 sponso,

336 1753 433 1785 Sacra
456 1756 553 1794 veste,
581 1753 667 1784 crine
687 1756 777 1785 tonso

386 1800 482 1832 Cordi
507 1800 591 1831 hunc
612 1800 795 1832 inscribere.

279 1859 309 1890 3.
336 1856 456 1897 Gaude,
483 1855 596 1888 fraude
619 1857 732 1896 procul
755 1860 836 1888 mota

340 1904 410 1935 Tua
437 1904 589 1936 sanctitas
611 1902 649 1935 fit
671 1907 748 1936 nota

384 1950 514 1983 Publico
546 1951 697 1990 examine,

333 1998 466 2037 Quando
491 1998 604 2030 stando
629 1999 826 2031 venerandus

335 2045 505 2076 Benedixit
526 2048 560 2076 te
584 2045 746 2077 Amandus

384 2092 480 2123 Sacro
507 2100 576 2122 cum
600 2092 764 2126 velamine.

278 2149 310 2178 4.
338 2146 458 2185 Gaude,
482 2148 610 2186 plaude,
636 2148 723 2178 misit
748 2149 867 2179 caelum

338 2192 528 2235 Columbam,
545 2202 624 2231 quae
637 2203 761 2224 sacrum
774 2196 878 2226 velum

385 2238 480 2277 Pede,
506 2247 562 2269 ore
587 2239 709 2276 detulit,

337 2284 508 2323 ScandenS,
537 2285 690 2324 pandens,
716 2288 790 2323 post
813 2286 882 2317 des-

662 2331 808 2370 cendens,

338 2378 405 2409 'suo
432 2377 530 2417 capiti
552 2377 739 2416 impendens

387 2424 490 2464 Seque
512 2433 636 2456 sursum
662 2425 781 2457 retulit.

953 1274 984 1305 5.
1016 1270 1138 1311 Gaude,
1165 1269 1285 1302 caudae
1308 1269 1418 1301 mundi
1440 1278 1540 1308 prona

1013 1319 1136 1351 Cedens
1161 1316 1274 1349 vendis
1300 1319 1415 1348 cuncta.
1436 1316 1520 1347 bona

1059 1365 1152 1398 Omni
1176 1373 1247 1395 cum
1270 1363 1398 1401 allodio,

1011 1412 1115 1444 Multa
1139 1410 1221 1442 fulta
1243 1411 1393 1451 largitate

1010 1459 1100 1491 Dans
1126 1459 1232 1498 egenis
1257 1458 1353 1489 struis
1377 1460 1465 1498 grate

1060 1506 1238 1538 Claustrum
1264 1506 1298 1536 in
1322 1504 1496 1537 Melbodio.

954 1585 984 1616 6.
1012 1582 1134 1622 Gaude,
1153 1581 1267 1613 claude
1284 1589 1417 1620 sponsas
1429 1579 1557 1619 Christi,

1011 1630 1094 1669 Quas
1118 1628 1240 1661 ibidem
1266 1627 1420 1667 collegisti

1059 1676 1197 1709 Servans
1223 1675 1422 1715 regulariter,

1012 1724 1076 1756 Ore
1098 1732 1188 1755 more
1209 1723 1283 1754 illas
1310 1722 1435 1762 docens,

1013 1770 1140 1803 Cunctis
1164 1770 1305 1810 placens,
1331 1769 1410 1801 nulli
1431 1776 1558 1809 nocens,

1059 1818 1177 1850 Vivens
1207 1817 1441 1858 exemplariter.

953 1896 984 1928 7.
1013 1894 1134 1935 Gaude,
1160 1893 1264 1933 gaude
1287 1901 1384 1932 super
1410 1895 1523 1924 cuncta

1010 1941 1114 1981 Regni
1138 1949 1255 1980 sponso
1280 1942 1334 1971 tuo
1359 1940 1469 1973 iuncta

1058 1987 1359 2025 Delectabilissime,

1010 2035 1090 2067 Leta
1113 2038 1199 2066 meta
1223 2034 1343 2074 absque
1366 2042 1469 2073 poena

1012 2083 1130 2114 Volans
1156 2082 1237 2114 caeli
1260 2082 1304 2114 ad
1328 2089 1460 2113 amoena

1056 2129 1368 2163 Desiderantissime,

953 2196 984 2227 8.
1010 2195 1140 2226 Pridem
1164 2194 1292 2233 quidem
1309 2194 1412 2225 sciens
1429 2197 1560 2226 mortem

1011 2240 1075 2271 Hic
1097 2240 1256 2279 purgandi
1281 2241 1364 2279 petis
1390 2246 1517 2282 sortem,

1058 2286 1092 2317 Si
1117 2295 1180 2325 qua
1198 2287 1391 2327 negligentia

1010 2332 1116 2371 Esset,
1143 2336 1254 2374 cesset,
1281 2342 1342 2365 nec
1364 2333 1403 2366 fis
1430 2344 1531 2378 cassa,

1010 2379 1055 2410 Es
1078 2379 1113 2410 in
1135 2388 1274 2412 mamma
1295 2389 1444 2414 cancrum
1469 2392 1565 2423 passa

1058 2425 1162 2459 Multa
1186 2427 1351 2466 pauentia.
