1655 2573
184 745 238 779 10.

184 980 236 1013 15.

163 2312 195 2344 4.

698 143 961 180 —147—

616 235 676 268 281.
708 237 750 268 De
769 238 874 269 saneto
898 236 1038 277 Georgio.

270 324 295 355 Ο
322 322 448 365 Georgi,
474 324 565 356 miles
589 325 717 365 Christi,

270 370 316 403 Ut
338 371 478 410 puellam
504 370 677 404 defendisti

270 418 300 449 A
324 426 436 449 cruore
462 420 493 450 et
517 428 536 451 a
557 427 644 461 nece,

268 464 322 497 Sic
344 463 483 497 defende
505 467 562 497 tua
585 475 681 505 prece

271 511 521 552 circumquaque
544 521 594 544 me
619 515 651 544 et
674 522 759 545 meos

270 558 389 591 Contra
412 558 519 591 hostes
543 567 653 591 saevos
678 569 758 593 reos

269 605 327 638 Sta
350 605 383 636 in
409 606 530 638 cunctis
554 606 632 637 meis
658 607 758 646 portis

267 653 439 691 Tamquam
452 653 540 692 pugil
552 654 675 684 terrens
686 651 789 693 fortis,

265 699 333 732 Fac
356 699 459 730 nullos
484 698 750 738 adpropinquare,

267 744 326 784 Qui
350 754 401 776 me
424 745 536 777 volunt
560 745 744 785 depravare.

266 791 387 832 Gaude,
413 795 545 833 martyr,
572 792 742 832 excessive,

266 839 381 871 Passus
406 847 439 870 es
464 839 657 878 superlative

264 886 343 918 Tam
364 886 508 918 crudeles
525 886 640 919 multas
659 895 787 926 poenas,

267 933 357 972 Quod
380 932 490 965 auditu
515 932 645 964 turbant
668 942 774 966 venas.

264 981 347 1018 Quas
372 988 479 1011 omnes
505 979 673 1012 victoriose

267 1026 432 1065 Superasti
456 1027 602 1067 gloriose,

263 1073 315 1106 Sic
339 1082 389 1105 me
412 1073 487 1106 iuva
511 1073 707 1112 triumphare

945 326 1077 366 Semper
1100 326 1134 357 in
1159 326 1302 358 adversis
1330 328 1414 359 clare

943 373 988 405 Et
1010 382 1061 405 me
1080 382 1237 413 nunquam
1256 373 1462 413 derelinquas.

913 446 920 453 .
948 420 1062 453 Omnes
1072 419 1200 451 fraudes
1210 419 1465 462 faclonginquas,

945 467 1059 499 Nullus
1084 467 1127 498 sit
1149 475 1298 499 occursus
1317 467 1420 500 malus

946 513 994 545 Sit
1018 514 1134 554 ubique
1157 512 1248 546 firma
1272 514 1366 546 salus.

943 561 1083 592 Inimicis
1110 569 1151 591 ne
1175 560 1373 593 succumbam

943 607 1006 638 Hic
1028 608 1060 638 in
1079 607 1145 639 vita
1160 608 1212 639 vel
1227 610 1301 647 post
1316 607 1465 648 tumbam,

859 661 866 668 ·
907 678 914 685 .
941 653 1068 695 Ensem‚
1082 653 1215 693 hastam,
1231 663 1328 694 arma,
1343 657 1464 687 scutum

940 700 1167 742 Adprehende‚
1202 700 1255 732 fac
1277 710 1328 732 me
1352 704 1463 741 tutum,

941 747 987 779 Ut
1012 755 1050 778 ex
1074 749 1129 778 tua
1153 750 1314 779 armatura

942 794 1063 826 Cuncta
1085 802 1155 825 mea
1180 794 1244 825 sint
1267 803 1387 827 secura.

941 841 1072 883 Corpus,
1103 839 1196 881 fama,
1223 850 1284 883 res,
1311 841 1413 884 amic1,

906 914 912 919 .
939 888 1024 927 Quae
1049 896 1183 927 exposco
1206 887 1361 931 benedici,

938 934 1055 966 Anima
1078 942 1156 974 prae
1185 935 1270 966 omni
1293 944 1369 967 cura

937 980 1005 1012 Deo
1031 989 1155 1019 semper
1179 980 1316 1013 fruitura

937 1027 1015 1059 Mox
1036 1028 1079 1058 sit
1096 1030 1170 1066 post
1185 1028 1333 1060 emissum
1348 1026 1463 1060 flamen

937 1074 1054 1105 Tecum
1078 1075 1162 1105 inter
1185 1078 1321 1109 sanctos.
1349 1076 1461 1107 Amen.

243 1157 322 1184 Orat.
343 1164 394 1183 ms.
417 1155 599 1184 Carthusian.
620 1163 695 1183 saec.
718 1154 761 1183 15.
802 1154 870 1183 Cod.
892 1156 985 1191 Capit.
1005 1157 1153 1185 Treviren.
1176 1154 1238 1185 116.

589 1312 657 1343 282.
686 1312 730 1344 De
750 1313 859 1344 sancta
880 1312 1038 1345 Gertrude.

205 1428 211 1434 .
238 1401 342 1441 Salve,
369 1401 456 1441 virgo
481 1400 633 1444 speciosa,

237 1447 415 1488 Gertrudis,
441 1450 476 1479 tu
499 1456 652 1488 generosa

282 1494 381 1527 Ducis
405 1494 510 1534 Pipini
535 1494 611 1534 filia,

235 1542 377 1574 Puritate
400 1542 558 1585 redimite,

233 1588 379 1621 Pretiosa
400 1589 571 1629 margarita

280 1635 383 1675 Super
406 1636 476 1668 auri
496 1635 594 1667 milia.

233 1704 328 1736 Salva
353 1705 440 1734 casta
465 1712 581 1743 sponsa
606 1702 733 1746 Christi,

231 1752 317 1791 Quae
342 1753 469 1782 terrena
493 1749 644 1790 respuisti

279 1798 342 1830 Per
366 1796 433 1828 eius
458 1797 584 1835 auxilia,

232 1845 291 1877 Via
316 1853 446 1887 morum,
472 1842 530 1876 flos
554 1843 716 1884 virtutum,

230 1893 329 1925 Forte
354 1891 509 1923 castitatis
535 1893 657 1923 scutum

275 1939 464 1978 Reprimens
490 1937 626 1972 hostilia.

229 2006 332 2045 Salve,
358 2013 480 2046 gemma
504 2013 599 2037 verae
622 2005 711 2045 lucis,

228 2054 315 2092 Quae
337 2052 577 2085 Austrasiorum
604 2052 692 2084 ducis

275 2099 426 2134 Offucasti
449 2099 558 2143 filium,

226 2148 361 2181 Carnem
387 2147 453 2179 eius
480 2147 553 2179 dum
578 2147 727 2186 sprevisti

224 2196 269 2228 Et
291 2195 457 2234 amplexus
482 2194 627 2227 abiecisti

270 2243 477 2283 Voluptatum
501 2242 620 2275 vilium.

223 2310 287 2343 Sed
313 2309 387 2341 dum
411 2310 540 2342 nimium
567 2310 743 2352 temptaris,

220 2358 311 2390 Tunc
333 2366 352 2389 a
376 2360 481 2390 matre
504 2357 685 2400 occultaris,

270 2404 434 2438 Castita'tis
459 2404 570 2444 lilium,

911 1402 956 1433 Et
979 1402 1018 1433 ob
1044 1404 1152 1434 votum
1177 1402 1331 1434 castitatis

911 1449 961 1480 Ac
982 1449 1135 1481 tutandae
1159 1449 1308 1489 puritatis

954 1494 1051 1535 Fugis
1075 1496 1109 1527 in
1134 1496 1287 1529 exsilium.

877 1586 884 1593 .
910 1561 963 1593 Ad
988 1564 1112 1601 partem
1136 1561 1321 1593 orientalem

909 1607 1074 1648 Franciae‚
1102 1608 1143 1640 ad
1168 1608 1271 1640 locum
1296 1609 1406 1646 talem,

956 1655 1159 1688 Karleburch
1182 1656 1236 1696 qui
1262 1656 1387 1696 dicitur,

909 1702 972 1735 Ubi
997 1711 1055 1743 per
1078 1706 1112 1734 te
1135 1702 1169 1734 in
1193 1703 1322 1735 Nivella

907 1749 997 1781 Tunc
1020 1750 1151 1791 insignis
1176 1752 1271 1790 atque
1295 1750 1380 1783 bella

953 1797 1093 1830 Basilica
1116 1796 1289 1836 perficitur.

873 1888 879 1894 .
907 1864 1000 1896 Omni
1025 1864 1111 1896 cultu
1135 1873 1229 1903 quam
1253 1864 1374 1896 ornasti

904 1910 949 1942 Et
971 1911 1006 1942 in
1031 1920 1068 1943 ea
1093 1911 1257 1943 collocasti

957 1957 1092 1998 Gregem
1115 1958 1308 1998 monialium,

906 2006 1015 2045 Tuque
1040 2004 1126 2038 facta
1149 2005 1303 2048 monialis,

905 2052 1010 2092 Digna
1033 2056 1137 2085 mater
1161 2053 1331 2092 pastoralis

952 2100 997 2131 Es
1023 2099 1134 2132 effecta
1158 2100 1278 2134 talium.

870 2191 877 2199 .
905 2165 1032 2209 Gaecos,
1060 2166 1189 2198 claudos
1216 2166 1371 2207 collegisti

902 2213 947 2245 Et
971 2214 1076 2254 egenis
1101 2213 1277 2254 praebuisti

950 2261 1093 2294 Advenis
1120 2261 1302 2301 hospitium,

904 2309 988 2348 Quos
1014 2308 1083 2341 cibo
1108 2308 1269 2348 spirituali

901 2356 1085 2397 Cibastique
1109 2356 1269 2395 corporali

951 2404 1014 2436 Per
1036 2404 1124 2444 pium
1150 2403 1346 2438 exercitium.

1228 2456 1284 2487 10·
