1655 2573
754 165 1009 200 —192—

250 263 281 295 3.
306 257 351 294 Ut
374 261 507 301 mystice
530 260 578 292 sol
602 260 713 301 oritur,

355 308 421 347 Quo
445 307 586 339 Christus
611 307 659 338 sol
684 306 792 348 oritur,

306 353 428 385 Deifice
451 363 512 385 non
537 353 678 392 moritur,

358 401 427 440 (Qui,
454 408 549 431 carne
575 400 647 431 dum
672 399 813 439 moritur,

306 446 442 478 Pacifice
465 454 525 477 non
551 446 680 484 potitur,

351 492 488 523 Locusta
511 492 567 522 sed
591 491 722 530 potitur,

308 538 376 570 Nec
399 538 512 569 bruchi
534 538 601 569 vice
623 537 759 579 metitur,

353 585 442 624 Quod
466 584 590 615 Nahum
615 584 662 615 sic
685 584 822 615 metitur.

274 705 280 712 .
308 674 509 711 Sollemniter
534 680 566 708 te
589 677 707 718 visitat,

352 724 480 763 Domus,
505 733 584 763 quae
609 724 729 755 cunctis
745 726 846 763 pates,

302 771 487 803 Perenniter
512 771 565 810 qui
588 771 713 814 militat,

350 818 395 849 Et
418 820 556 848 tremunt:
578 820 761 857 potestates,

303 865 459 896 Fideliter
482 864 573 903 plebs
598 863 720 903 flagitat:

350 911 405 952 Te,
430 910 544 941 nobilis
567 913 704 950 gagates,

304 957 356 988 Sic
375 956 508 988 firmiter
529 965 587 987 nec
607 956 752 996 haesitat,

374 1004 519 1043 Aggaeus
546 1003 631 1034 canit
653 1006 751 1035 vates.

269 1124 275 1130 .
301 1093 339 1128 In
368 1096 440 1127 lacu
464 1099 607 1134 praestas
632 1096 800 1135 prandium

350 1143 411 1174 Per
435 1142 588 1174 Habacuc
611 1144 810 1184 translatum,

303 1189 389 1227 Quae
414 1189 515 1220 cibum
540 1192 644 1229 gestas
669 1190 845 1231 grandium,

351 1235 412 1267 Cor
437 1245 529 1267 sanas
555 1239 586 1267 et
609 1237 759 1276 palatum,

304 1282 386 1313 Dum
411 1291 467 1313 nos
491 1285 631 1321 potestas
656 1282 784 1314 fortium

349 1330 476 1360 Incusat
499 1329 538 1360 ob
566 1332 696 1368 reatum,

304 1375 378 1406 Sors
402 1384 465 1406 una
488 1378 589 1406 restat
611 1377 751 1419 sortium,

350 1421 417 1452 Fac
440 1422 576 1453 iudicem
601 1423 769 1461 placatum,

840 1564 910 1596 VII.

274 1679 281 1687 .
308 1652 442 1688 Gamelis
468 1658 574 1694 potum
599 1656 739 1686 tribuens

351 1701 396 1732 Es
421 1701 535 1740 hydria
559 1700 698 1741 fontalis,

307 1748 468 1786 (quaerelis
494 1749 583 1787 proci
608 1757 746 1780 annuens

351 1794 496 1826 Rebecca
520 1795 659 1834 genialis,

305 1840 366 1872 Cor
390 1840 461 1871 telis
486 1842 639 1880 quondam
666 1850 780 1874 acuens

351 1888 443 1919 Isaac
465 1887 617 1927 liberalis,

306 1933 369 1965 Sub
398 1934 477 1965 velis
502 1935 581 1965 latet
603 1935 747 1966 imbuens

351 1980 417 2018 Quo
441 1989 550 2012 sensus
575 1982 737 2020 spiritalia

271 2101 278 2107 .
306 2073 456 2106 Ornatam
484 2075 516 2105 in
542 2075 708 2106 monilibus

351 2120 397 2151 Te
421 2121 506 2152 Deus
532 2123 718 2161 concupivit,

306 2167 451 2199 Creatam
475 2168 508 2198 111
530 2168 680 2200 senilibus

350 2213 469 2245 Diebus
490 2217 521 2245 te
544 2215 725 2256 praescivit,

303 2259 452 2291 Dotatain
475 2261 562 2292 mille
586 2261 722 2293 sortibus

350 2307 396 2338 Te
419 2307 550 2346 spiritus
574 2308 696 2349 ignivit,

302 2354 348 2386 Et
370 2357 492 2393 gratam
515 2363 594 2394 prae
618 2356 814 2388 consortibus

350 2401 396 2432 Te
420 2401 488 2434 oleo
513 2402 625 2434 linivit.

920 259 951 290 6.
980 254 1092 290 Sor-dis
1118 255 1225 287 oblata
1249 255 1358 287 nescia

1024 303 1070 334 Es
1094 303 1184 342 virgo
1207 302 1396 342 Malachiae,

976 350 1021 382 Es
1047 352 1238 388 praeparata
1262 349 1367 381 hostia

1024 396 1147 428 Fidelis
1176 395 1364 436 Sophoniae,

979 444 1042 475 Per
1068 443 1154 475 orbis
1178 443 1245 474 lata
1268 443 1373 482 spatia

1025 489 1112 521 Dant
1134 489 1245 521 laudes
1270 489 1349 520 haec
1371 489 1506 529 Mariae,

977 537 1063 576 Quae
1086 534 1157 567 fluis
1182 540 1271 576 grata
1296 536 1408 575 gratia,

1024 583 1073 615 Tu
1095 583 1239 623 genetrix
1263 582 1410 615 Messiae.

942 704 948 710 .
976 675 1024 711 Te
1048 677 1162 708 viatori
1181 676 1295 708 ostium

1024 724 1081 756 Iob
1107 723 1221 763 pandit
1244 723 1414 764 peregrino

977 771 1112 803 Obstans
1137 769 1239 803 furori
1263 770 1409 812 hostium,

1023 818 1067 850 Ut
1091 826 1156 856 pax
1180 817 1223 848 sit
1245 817 1410 857 inquilino,

974 864 1082 896 Linito
1105 872 1194 895 111018
1216 863 1352 902 postium

1023 911 1143 943 Cruore
1165 918 1235 941 cum
1259 910 1391 949 agnin03

974 958 1021 989 Te
1044 957 1139 989 trium
1166 956 1253 988 chori
1276 957 1404 988 testium

1021 1004 1230 1043 Praesignant
1252 1004 1286 1036 in
1311 1004 1443 1037 camin0.

941 1122 947 1128 .
975 1095 1112 1130 Ardenti
1143 1100 1229 1128 certe
1253 1097 1379 1128 currulo

1020 1144 1140 1186 Helias,
1168 1153 1223 1176 vas
1248 1144 1386 1183 virtutis,

974 1191 1092 1222 Tobias
1117 1199 1176 1230 per
1200 1194 1232 1221 te
1256 1190 1368 1222 baculo

1022 1237 1161 1269 Levatur
1185 1238 1366 1275 senectutis,

920 1277 932 1289 '‘
978 1285 1085 1324 Virgo,
1112 1285 1245 1316 adverte
1265 1284 1355 1315 oculo

1022 1331 1146 1362 Delicta
1171 1331 1343 1363 iuventutis

975 1378 1019 1409 Et
1044 1377 1159 1410 Christi
1185 1381 1274 1409 verte
1292 1378 1442 1424 ¹clanculo

1019 1424 1174 1456 Furorem
1198 1434 1217 1456 a
1238 1425 1381 1464 pollutis.

920 1665 950 1686 ·.
976 1655 1102 1698 Legalis
1128 1667 1161 1690 es
1187 1658 1326 1699 confugii

1020 1705 1105 1737 Urbs
1130 1706 1193 1737 reis
1220 1706 1381 1746 deputata,

977 1752 1089 1783 Vitalis
1114 1761 1187 1792 spes
1209 1752 1335 1794 refugii,

1024 1798 1145 1830 Fidelis
1171 1800 1337 1840 advocata,

975 1845 1095 1876 Letalis
1121 1845 1173 1878 fac
1196 1856 1237 1878 ne
1260 1847 1332 1879 vitii

1021 1893 1085 1924 Res
1109 1892 1166 1924 fiat,
1189 1894 1340 1934 iudicata,

975 1938 1097 1971 Finalis
1124 1940 1197 1971 dum
1222 1941 1372 1981 supplicii

1023 1985 1186 2019 Sententia
1209 1988 1251 2019 sit
1275 1989 1352 2022 lata.

943 2103 951 2111 .
976 2076 1152 2120 Languenti
1176 2085 1210 2114 tu
1234 2083 1403 2121 probatica

1022 2126 1065 2158 Es
1087 2128 1196 2168 utique
1219 2130 1352 2170 piscina,

975 2173 1124 2213 Pergenti
1145 2184 1208 2207 non
1233 2178 1373 2208 erratica

1021 2220 1066 2251 Es
1091 2222 1186 2253 stella
1210 2224 1376 2264 matutina,

975 2266 1129 2298 Prudenti
1155 2269 1238 2301 dona
1262 2272 1396 2312 mystica

1022 2313 1071 2345 Tu
1096 2314 1180 2346 Saba
1205 2315 1270 2348 fers
1295 2319 1414 2360 regina,

973 2360 1125 2393 Trahenti
1149 2365 1183 2394 tu
1207 2364 1343 2399 mirifica

1021 2408 1065 2440 Es
1090 2410 1253 2443 attrahens
1281 2413 1413 2449 cortina.
