1655 2573
670 159 716 164 —-
763 141 831 175 209
882 160 923 165 --

160 231 214 263 51.
241 231 379 271 Antipas
392 236 468 272 post
479 234 540 266 hoc
549 244 644 275 agens
654 234 768 268 festum

244 278 363 310 eruore
389 281 527 312 cumulat
549 282 715 323 incestum,

289 326 493 360 incestuosae
507 327 653 360 'feminae

243 372 288 404 Et
310 373 481 406 saltatricis
504 376 545 408 ad
570 376 751 407 instinctum

245 418 443 453 Condemnat
469 423 611 455 veritatis
629 423 767 455 vinctum

290 466 421 499 Sacrate
444 472 570 508 partum
595 470 723 503 semine.

162 524 217 557 52.
244 523 332 555 Dans
357 524 434 556 iusti
459 528 555 565 caput
577 526 743 566 saltatrici,

243 571 397 602 Saltatrix
422 572 504 604 illud
528 572 688 603 meretrici

289 617 368 649 Fert
392 622 588 658 amputatum
612 619 730 658 gladio,

208 698 214 704 1
242 666 434 697 Praecursor
447 664 542 696 fidem
555 666 602 696 sic
614 665 763 704 servavit,

206 705 219 712 “
241 711 295 743 Sic
323 712 447 743 certans
473 720 594 742 cursum
623 720 765 743 consum-

543 758 642 790 mavit

288 805 325 837 In
351 804 495 837 veritatis
521 806 635 837 stadio.

159 863 213 895 53.
239 861 285 893 Et
308 863 476 892 coronatur
501 861 602 893 tribus
628 862 732 902 sertis,

240 907 416 946 Multiplici
441 906 548 941 fructu
573 907 700 940 refertis

288 954 447 986 Decenter
471 953 693 996 fulgidissimo,

239 1002 395 1033 Rosarum
421 1002 507 1032 cultu
533 1002 689 1033 decoratis

238 1048 281 1080 Et
306 1048 444 1079 liliorum
470 1048 631 1080 adornatis

288 1095 439 1133 Auroque
463 1095 730 1134 splendidissimo.

690 1157 709 1177 >1<

157 1236 211 1268 57.
240 1236 318 1267 Pars
342 1236 443 1268 altera
469 1237 663 1268 contendens
687 1235 757 1268 fore

236 1282 476 1322 Evangelistam
500 1292 709 1324 praecursore

284 1329 450 1369 Maiorem,
476 1333 571 1370 prout
597 1331 744 1371 credidit,

235 1376 391 1407 Mucrone
416 1376 526 1409 functa
550 1378 681 1409 rationis

237 1423 394 1455 Libellum
421 1425 676 1457 reconventionis

283 1471 319 1503 In
346 1470 472 1503 modum
497 1472 593 1502 istum
619 1471 736 1504 edidit:

153 1548 209 1580 58.
235 1546 366 1577 Amicus
390 1555 478 1578 meus
503 1547 726 1588 praedilectus,

232 1593 283 1625 Ex
307 1593 396 1624 mille
420 1594 547 1625 milibus
574 1595 703 1637 electus,

279 1640 420 1673 Millenis
454 1641 594 1682 gaudens
621 1642 757 1685 dotibus,

233 1687 331 1726 Quem
348 1696 418 1719 amo
437 1689 543 1728 corde,
563 1692 668 1720 mente
681 1691 758 1729 tota,

233 1735 380 1766 Tonitrui
406 1745 466 1768 vox
492 1739 539 1767 est
563 1737 596 1767 in
620 1739 691 1767 rota

280 1782 406 1814 Divinis
431 1785 544 1814 tonans
569 1783 713 1816 motibuS.

149 1859 204 1892 59.
231 1858 294 1889 Hic
318 1858 390 1891 Iesu
416 1858 534 1891 Christi
557 1858 735 1902 salvatoris,

230 1905 379 1937 Errantis
404 1907 472 1938 ovis
497 1905 684 1945 reductoris,

277 1952 338 1985 Est
361 1951 446 1985 filius
471 1956 671 1992 materterae,

230 2000 289 2039 Qui
315 2000 493 2033 castitatem
519 2001 586 2033 Deo
613 2001 711 2041 vovit,

228 2049 258 2080 A
278 2047 405 2080 Christo
431 2049 541 2080 doctus
558 2049 653 2088 plene
669 2048 759 2080 novit

278 2096 314 2128 In
341 2097 411 2127 rota
435 2098 537 2128 rotam
563 2098 697 2128 vertere.

147 2163 202 2195 60.
231 2162 309 2195 Cum
324 2160 424 2194 fratre
433 2163 559 2204 piscans
568 2162 621 2193 hic
631 2165 759 2195 vocatus

225 2210 279 2243 Ad
304 2210 428 2250 apicem
455 2210 652 2250 apostolatus

270 2258 301 2289 A
327 2257 462 2291 Domino
488 2258 626 2299 eligitur,

224 2306 349 2338 Relicto
374 2308 467 2345 patre
492 2305 631 2339 naturali

223 2355 253 2386 A
278 2353 417 2394 Christo,
443 2356 536 2395 patre
559 2353 708 2393 spiritali,

271 2402 354 2433 Prae
377 2401 490 2432 ceteris
515 2401 668 2441 diligitur.

184 2460 301 2487 Blume,
316 2459 361 2481 Pia
375 2458 519 2483 Dictamina.

839 238 894 271 54.
920 236 1044 269 Idcirco
1069 245 1154 268 meus
1179 236 1402 276 praedilectus,

920 284 1150 322 Praerogativis
1176 286 1223 315 tot
1245 285 1406 323 protectus

965 330 1010 362 Et
1033 330 1234 371 argumentis,
1260 330 1373 362 merito

919 377 979 408 Est
1004 385 1076 407 caro
1101 381 1154 409 tuo
1177 377 1430 417 praeponendus,

921 423 965 456 Ut
990 423 1113 463 dignior
1136 427 1168 456 et
1191 422 1419 463 praeferendus

965 470 1157 502 Maioritatis
1182 474 1305 503 merito.

838 528 893 560 55,
918 527 1116 566 Quapropter
1139 530 1214 566 peto
1239 527 1365 568 potiori,

917 573 984 612 Qua
1011 581 1107 614 prece
1130 582 1256 613 possum
1282 572 1438 613 ampliori,

964 620 1019 658 Ut,
1045 620 1128 651 iuste
1151 620 1247 652 iudex
1275 620 1408 661 domine,

917 666 1075 698 Dilectum
1100 676 1202 698 meum
1229 667 1405 698 decernatis

917 713 1049 745 Maioris
1074 711 1143 745 fore
1166 713 1327 753 dignitatis

963 759 1021 799 Re,
1047 760 1168 791 meritis
1194 762 1225 791 et
1249 761 1383 792 nomine.

837 818 889 849 56.
915 816 960 848 Et
983 816 1118 848 maxime
1144 825 1212 847 cum
1236 817 1295 847 sim
1313 818 1435 856 parata,

919 862 999 894 Sunt
1021 863 1054 893 in
1078 863 1187 897 libello
1204 872 1284 902 quae
1300 865 1438 906 narrata,

963 909 1105 941 Probare
1129 910 1321 941 lucidissime

916 957 993 988 Tam
1030 957 1161 988 testibus
1198 966 1291 996 quam
1322 957 1439 987 instru-

1216 1003 1330 1034 mentis

915 1049 960 1081 Et
984 1057 1070 1088 voce,
1097 1049 1191 1092 fama,
1220 1050 1414 1081 documentis

963 1095 1007 1127 Et
1030 1097 1144 1128 ceteris
1167 1097 1341 1137 potissime.

880 1158 899 1179 >1<

834 1238 887 1271 61.
914 1237 1040 1269 Affectu
1065 1239 1168 1270 earnis
1193 1247 1255 1269 non
1282 1237 1424 1269 devictus

915 1285 944 1316 A
964 1284 1087 1316 Christo
1111 1294 1175 1316 non
1193 1287 1239 1316 est
1258 1284 1437 1325 derelictus,

961 1332 1129 1363 Parentem
1156 1332 1229 1363 dum
1255 1331 1403 1370 deseruit,

918 1379 998 1410 Prae
1023 1379 1142 1409 cunctis
1167 1378 1364 1418 privilegiari

916 1426 1141 1464 Praerogativa
1164 1425 1316 1465 singulari

961 1472 1150 1504 Dilectionis
1175 1472 1298 1503 meruit.

832 1530 886 1562 62.
913 1528 1060 1561 Salvator
1084 1528 1185 1567 Iesus,
1214 1528 1263 1558 cui
1287 1529 1377 1566 patet

914 1575 974 1607 Cor
990 1582 1081 1605 omne
1098 1583 1157 1606 nec
1174 1574 1331 1607 occultum
1347 1575 1436 1615 latet,

958 1622 1003 1654 Et
1027 1622 1077 1652 cui
1101 1622 1147 1653 nil
1172 1624 1220 1653 est
1241 1622 1382 1661 tacitum,

910 1670 940 1701 A
966 1678 1038 1700 caro
1064 1677 1132 1700 meo
1157 1678 1220 1700 non
1245 1668 1391 1706 nubente,

912 1717 975 1749 Sed
1000 1716 1121 1748 nubere
1145 1716 1273 1756 quidem
1298 1716 1424 1748 volente

961 1763 1139 1796 Secundum
1164 1763 1226 1795 Dei
1250 1763 1413 1802 placitum,

830 1823 885 1855 63.
911 1821 964 1854 Ad
989 1820 1116 1861 nuptias
1143 1821 1217 1852 dum
1242 1820 1404 1858 invitatur,

911 1868 961 1900 Ne
985 1867 1093 1908 nubat,
1129 1871 1233 1900 castus
1258 1868 1435 1907 revocatur,

956 1915 1137 1954 Adplaudit
1160 1923 1217 1946 rex
1242 1914 1431 1955 vernacu103

908 1963 960 1996 Ex
984 1962 1070 1994 unda
1095 1963 1213 1994 munda
1236 1960 1321 1993 facto
1347 1961 1419 1993 vino

910 2009 1067 2043 Convivae
1093 2019 1161 2041 cum
1188 2008 1404 2041 architriclino

956 2057 1027 2089 Hoc
1051 2057 1191 2096 gaudent
1216 2057 1256 2088 de
1272 2056 1434 2088 miraculo.

831 2116 886 2149 64.
912 2114 974 2153 En,
1001 2122 1104 2145 meum
1129 2113 1265 2154 qualiter
1290 2113 1424 2144 amicum

911 2162 1010 2201 Quam
1036 2167 1165 2199 castum,
1192 2169 1306 2200 purum
1332 2163 1363 2191 et
1379 2169 1435 2199 pu-

1216 2208 1319 2240 dicum

956 2257 1026 2288 Rex
1038 2258 1153 2295 terrae,
1169 2258 1274 2288 rector
1287 2254 1434 2295 aetheris,

907 2304 1052 2337 Honorat
1077 2304 1157 2345 signi
1183 2303 1336 2344 novitate,

908 2352 1065 2385 Convivas
1090 2352 1156 2384 vini
1180 2350 1323 2382 bonitate

956 2397 1125 2431 Laetificat
1147 2406 1226 2439 prae
1252 2397 1375 2429 ceteris.

1232 2451 1267 2480 14
