1655 2573
687 254 751 284 275.
774 253 813 284 De
835 252 942 283 saneto
962 250 1101 281 Erasmo.

266 313 296 347 1.
323 313 426 352 Salve,
449 323 467 346 0
491 314 634 352 Erasme,
662 316 770 344 sancte

326 360 471 392 Pontifex
497 363 529 391 et
552 362 674 399 martyr
698 362 790 390 ancte

322 408 458 445 Propter
468 406 625 438 Christum
639 406 745 436 multis
756 404 866 443 poenis

323 452 489 489 Gravibus,
515 452 648 482 horrore
672 451 784 490 plenis.

266 513 296 540 μ’.
323 507 438 538 Hostes
463 506 555 537 nimis
579 505 740 536 inhumani

323 553 393 583 Non
418 552 590 583 horrebant
612 554 649 582 ut
671 552 774 583 insani

324 599 396 630 Tibi
421 598 510 630 rabie
534 597 635 629 ferina

319 645 518 684 Extorquere
540 645 701 678 intestina.

264 703 294 735 3.
320 702 359 733 In
383 703 539 732 tormento
564 704 628 732 tam
654 702 774 733 crudeli

321 748 430 779 Mente
454 748 560 779 stabas
586 750 650 779 tam
675 747 773 787 fideli,

324 795 412 833 Quod
438 803 496 825 nec
520 795 616 826 semel
642 795 831 826 tristabaris.

323 841 386 872 Sed
411 845 447 872 ut
465 842 568 873 victor
592 841 773 873 laetabaris.

263 898 295 931 4.
323 897 443 935 Quanto
470 897 578 928 durior
599 896 772 936 conflictus,

318 944 356 975 In
386 952 446 982 quo
470 944 561 974 miles
586 947 650 975 stat
672 943 818 984 invictus,

323 990 424 1021 Tanto
451 990 574 1030 dignior
599 999 721 1031 corona,

321 1037 439 1079 Honor,
466 1037 535 1068 laus
560 1037 601 1068 sit
625 1037 683 1069 tibi
707 1046 816 1077 prona.

939 312 969 343 5.

939 701 968 733 7.

994 309 1080 340 Hinc
1104 311 1136 339 te
1161 309 1255 340 credo
1279 308 1374 340 valde
1397 308 1520 345 gratum

998 355 1109 386 Coram
1134 354 1202 386 Deo
1227 358 1292 385 tam
1317 356 1464 393 amatum,

996 401 1156 440 Quidquid
1182 401 1259 432 velis
1284 401 1438 437 obtinere,

994 448 1066 479 Non
1092 447 1220 486 negabit
1243 447 1303 478 tibi
1327 455 1411 479 vere.

964 529 971 535 .
996 503 1049 535 Ex
1073 512 1133 542 quo
1157 503 1245 542 pium
1270 505 1301 533 te
1325 501 1466 540 attendo,

996 550 1111 581 Totum
1135 549 1195 580 tibi
1219 557 1269 579 me
1295 548 1488 589 commendo,

996 596 1042 629 Ut
1065 600 1099 627 tu
1125 604 1194 627 eras
1220 594 1309 635 foris,
1337 596 1423 626 intus

996 644 1095 675 Totus
1118 643 1229 682 poenis
1256 642 1507 681 circumcinctus,

995 699 1049 731 Sic
1077 702 1109 730 et
1131 707 1182 729 me
1204 699 1238 729 in
1264 699 1384 730 cunctis
1409 698 1496 729 horis

996 746 1123 778 Salvum
1149 753 1254 777 serves
1279 745 1376 784 intus,
1407 744 1496 786 foris,

996 793 1084 825 Sicut
1108 801 1177 824 eras
1202 794 1237 823 tu
1261 794 1442 823 mansuetus

995 840 1039 871 Et
1063 839 1103 871 ad
1129 838 1313 878 patiendum
1335 839 1447 881 laetus,

996 896 1050 927 Sic
1074 898 1105 926 et
1128 903 1179 926 me
1203 893 1255 926 fac
1277 895 1459 936 patientem,

994 942 1206 981 Mansuetum‚
1232 941 1462 984 oboedientem,

999 989 1088 1022 Sicut
1111 991 1146 1019 tu
1171 988 1374 1030 evisceratus,

997 1037 1078 1068 Asta
1100 1035 1178 1066 mihi
1202 1035 1248 1066 sic
1271 1037 1412 1074 paratus.

602 1095 633 1126 9.
659 1094 783 1125 Vacuer
807 1103 826 1125 a
850 1095 941 1126 malis
965 1092 1091 1132 iunctis,

658 1140 797 1180 Replear
823 1144 860 1172 ut
882 1141 973 1173 bonis
999 1139 1129 1178 cunctis,

657 1187 695 1218 In
716 1188 875 1226 praesenti
902 1188 943 1219 ad
968 1186 1118 1225 solamen,

658 1234 735 1265 Post
757 1234 790 1264 in
817 1235 902 1266 caelo
928 1241 1062 1272 semper.
1111 1231 1225 1263 Amen.

327 1287 405 1315 Orat.
425 1297 478 1315 ms.
500 1288 685 1315 Carthusian.
706 1297 780 1316 saec.
804 1287 847 1316 15.
888 1288 956 1316 Cod.
978 1287 1071 1323 Capit.
1092 1287 1240 1313 Treviren.
1264 1284 1326 1313 116.

683 1361 747 1391 276.
778 1361 820 1391 De
840 1362 949 1391 sancta
969 1359 1106 1390 Eulalia.

347 1418 470 1457 Sponsa
496 1418 614 1450 Christi
637 1420 773 1459 Eulalia,

346 1464 523 1504 Hispaniae
545 1465 722 1504 Barcinola,

348 1511 394 1542 Te
418 1511 560 1550 plagavit
583 1511 753 1552 Dacianus,

349 1557 458 1588 Mente
485 1565 595 1588 caecus
621 1560 653 1588 et
675 1558 813 1597 insanus,

293 1606 323 1635 5.
351 1603 408 1641 Qui
434 1606 466 1634 te
488 1603 582 1634 iussit
605 1603 733 1644 fatigari

347 1650 393 1681 Et
414 1650 570 1681 mamillas
596 1651 787 1681 concremari

349 1697 412 1728 Per
437 1696 621 1727 bullientem
646 1694 681 1739 [i]
707 1697 808 1728 oleum

351 1742 396 1773 Et
407 1751 465 1780 per
476 1742 639 1781 plumbum
651 1742 869 1782 liquefactum;

350 1788 473 1820 Fricari
496 1793 551 1820 tua
573 1790 706 1820 vulnera

270 1836 325 1868 10.
351 1834 443 1866 Iubet
466 1835 505 1866 ob
531 1836 730 1875 cruciamina,

348 1881 386 1912 In
410 1882 563 1913 caminum
589 1882 742 1924 delegata,

349 1927 442 1959 Felix
466 1929 555 1968 virgo
581 1932 614 1960 et
636 1929 739 1970 beata,

351 1975 386 2006 In
413 1984 473 2014 quo
491 1976 629 2014 psallens
647 1976 714 2007 Deo
735 1977 871 2018 laudem,

351 2022 441 2059 Quod
450 2022 598 2054 vincebas
608 2023 706 2054 hostis
716 2022 870 2064 fraudem,

270 2068 323 2101 15.
349 2069 412 2100 Per
420 2078 512 2108 quam
521 2068 665 2100 fraudem
672 2079 733 2101 non
742 2070 873 2102 seducta

350 2115 379 2145 A
403 2115 528 2147 Donato
553 2115 599 2147 sic
624 2116 787 2159 instructa,

350 2161 410 2199 Qui
433 2161 589 2200 baptismo
614 2165 646 2193 te
669 2164 834 2196 mundavit

349 2207 394 2238 Et
416 2217 437 2239 a
461 2208 520 2239 diis
545 2210 730 2248 segregavit.

351 2253 527 2286 Deealvata
552 2258 583 2286 et
608 2256 757 2288 distincta

270 2302 323 2334 20.
351 2300 419 2332 Nec
441 2301 475 2332 in
498 2300 562 2333 fide
586 2302 633 2333 sic
657 2303 813 2336 exstincta

350 2347 451 2380 Facta
474 2350 509 2380 tu
533 2357 565 2380 es
590 2351 806 2389 spectaculum

352 2396 561 2427 Pronuntians
584 2397 778 2440 miraculum,

1022 1418 1098 1451 Cum
1122 1422 1257 1458 tyranno
1284 1419 1428 1451 dixeras:

1020 1466 1150 1497 Vultum
1175 1465 1234 1495 mis
1259 1466 1423 1508 inspicias,

940 1513 994 1544 25.
1018 1512 1064 1543 Ut
1088 1520 1258 1551 cognoscas
1287 1513 1406 1543 vultum
1432 1521 1534 1544 meum

943 1745 997 1778 30.

943 2025 997 2058 35.

943 2259 998 2291 40.

1021 1558 1105 1589 Ante
1129 1567 1283 1589 summum
1306 1567 1414 1590 verum
1431 1559 1547 1603 Deum,

1022 1604 1082 1642 Qui
1107 1607 1156 1635 est
1179 1604 1276 1636 iudex
1303 1604 1523 1637 defunctorum

1020 1650 1098 1682 Pius
1123 1653 1218 1689 pater
1242 1654 1274 1682 et
1298 1652 1453 1693 vivorum,

1022 1697 1152 1735 Quando
1177 1698 1264 1729 venit
1286 1698 1439 1740 iudicare,

1023 1745 1141 1788 Agnos,
1167 1744 1286 1777 hoedos
1311 1754 1489 1788 segregare,

1023 1790 1082 1823 Cui
1106 1791 1190 1823 laeta
1214 1794 1290 1824 tunc
1312 1793 1423 1825 astabo

1022 1837 1067 1869 Et
1090 1840 1123 1869 te
1146 1847 1280 1878 nequam
1305 1841 1489 1874 accussabo.

1022 1885 1076 1916 Ad
1093 1894 1186 1924 quam
1200 1895 1307 1918 vocem
1318 1890 1393 1919 sunt
1405 1890 1550 1929 perversi

1022 1932 1075 1963 Ad
1105 1931 1201 1964 fidem
1225 1934 1317 1965 multi
1343 1932 1447 1979 (tunc)
1475 1945 1548 1968 con-

1325 1982 1419 2015 versi.

1025 2025 1049 2057 Ο
1075 2026 1164 2065 virgo
1190 2030 1223 2059 et
1245 2031 1368 2068 martyr
1392 2029 1465 2070 Dei,

1022 2072 1175 2104 Precibus
1204 2078 1361 2107 memento
1385 2077 1459 2117 mei,

1023 2119 1067 2151 Ut
1092 2123 1221 2152 vocatus
1246 2122 1305 2153 sim
1330 2126 1462 2161 paratus

1022 2165 1067 2197 Et
1091 2168 1243 2199 contritus
1268 2168 1336 2200 Deo
1362 2173 1482 2213 gratus,

1023 2212 1096 2243 Non
1118 2213 1179 2244 ite
1204 2223 1295 2254 vos,
1322 2217 1380 2248 sed
1404 2219 1553 2251 venite

1023 2259 1162 2291 Audiam
1187 2270 1207 2292 a
1230 2270 1307 2294 vera
1330 2262 1396 2295 vite

1023 2305 1069 2337 Et
1080 2306 1127 2337 sic
1140 2306 1322 2340 Sanctus
1342 2319 1468 2351 semper
1486 2314 1551 2346 cla—

1326 2366 1408 2390 mem

1025 2399 1101 2431 Cum
1114 2402 1232 2433 sanctis
1245 2403 1278 2434 in
1287 2413 1409 2439 aevum.
1435 2408 1551 2442 Amen.

338 2451 416 2479 Orat.
436 2459 490 2478 ms.
512 2450 693 2480 Carthusian.
713 2461 788 2481 saec.
811 2451 853 2481 15.
894 2453 963 2482 Cod.
984 2454 1078 2490 Capit.
1098 2456 1248 2484 Treviren.
1271 2456 1334 2488 116.
