1655 2573
693 143 946 179 —163-

191 237 220 270 5.
248 236 313 271 Ubi
337 237 439 269 scelus
465 237 649 279 abundavit,

243 285 318 316 Plus
344 293 379 316 se
405 285 505 317 virtus
533 284 679 318 dilatavit

294 331 455 370 Spiritalis
481 332 611 373 gratiae,

246 378 332 417 Quae
356 380 389 410 te
414 380 517 411 carnis
542 380 720 419 voluptates

246 426 352 464 Atque
376 426 486 458 mundi
512 426 665 459 vanitates

292 472 387 504 Fecit
411 482 518 505 omnes
541 473 695 513 linquere.

192 529 222 560 6.
249 528 317 560 Deo
343 528 423 560 bene
447 529 644 570 providente,

247 574 378 607 Martha
402 575 549 616 frequens
574 579 737 616 satagente

295 621 388 655 Circa
412 622 632 662 ministerium,

243 668 379 708 Elegisti
403 672 438 700 tu
463 670 638 708 prudenter

244 717 366 748 Vacare
389 715 458 747 Deo
483 715 653 757 ferventer,

292 763 399 795 Unum
422 763 642 795 necessarium.

186 820 216 851 ’7.
242 818 466 851 Recumbentis
491 820 563 851 Iesu
588 818 706 852 Christi

244 865 421 898 Pretiosum
446 865 583 898 effudisti

290 913 491 952 Unguentum
515 913 548 944 in
575 913 687 954 capite,

242 960 292 991 De
316 968 376 998 quo
400 960 496 991 Iudas
521 959 704 998 indignatur

245 1007 290 1038 Et
312 1015 428 1037 avarus
451 1005 650 1037 machinatur

292 1052 452 1084 Christum
477 1052 571 1085 morti
595 1052 733 1085 tradere.

185 1111 216 1142 8.
243 1111 320 1142 Post
345 1117 415 1140 cum
439 1111 541 1141 mater
567 1108 708 1140 crucifixi

241 1155 336 1189 Cruci
359 1156 460 1187 tristis
485 1156 615 1188 astitisti

287 1202 325 1234 In
350 1212 450 1243 agone
473 1204 597 1243 patiens

239 1250 325 1291 Agni
348 1250 433 1281 mitis
457 1249 621 1291 immolati,

241 1298 433 1330 Innocenter
457 1297 617 1339 trucidati,

286 1343 367 1375 Neci
390 1344 509 1375 luctum
534 1343 663 1376 faciens.

183 1402 214 1433 9.
241 1402 341 1433 Porro
366 1402 454 1432 tuum
480 1409 547 1432 cum
574 1399 717 1431 affectum

239 1446 455 1480 Inflammaret
479 1448 520 1480 ad
545 1445 723 1487 profectum

285 1494 340 1525 Vis
365 1495 481 1526 amoris
507 1494 632 1534 fervidi,

238 1541 285 1574 Ut
308 1541 430 1573 redires
455 1542 498 1574 ad
521 1541 680 1580 sepultum

239 1588 393 1621 Visitares
419 1591 451 1620 et
476 1588 659 1621 defunctum

281 1636 379 1669 Mane
402 1636 506 1676 prima
529 1635 665 1676 sabbati,

868 239 921 273 10.

866 529 920 562 11.

862 820 915 852 12.

861 1110 914 1143 13.

858 1401 913 1433 14.

947 238 1093 271 Meruisti
1120 242 1333 279 resurgentem

946 285 1168 327 Contemplari,
1195 287 1414 325 prohibentem

968 333 1072 365 Pedes
1097 341 1169 364 suos
1194 335 1333 376 tangere,

947 381 997 412 Ita
1018 382 1170 412 maestam
1194 381 1382 420 consolatur,

946 427 1140 459 Hortulanus
1167 427 1220 466 qui
1243 429 1382 469 putatur,

993 473 1065 505 Non
1092 476 1265 505 cessantem
1286 474 1447 513 plangere.

945 531 982 562 In
1007 532 1206 570 augmentum
1229 530 1405 562 sanctitatis

944 576 990 608 Te
1016 576 1186 608 doctricem
1212 577 1354 609 veritatis

990 624 1081 656 Misit
1105 624 1303 663 evangelicae

943 670 1065 701 Auctor
1086 670 1156 709 ipse
1180 670 1318 710 pietatis,

943 716 989 748 Ut
1013 716 1147 748 haberes
1175 717 1337 756 dignitatis

990 763 1113 795 Nomen
1138 764 1341 802 apostolicae.

941 819 1074 851 Demum
1098 819 1175 851 satis
1201 818 1376 859 fatigatam,

943 866 1158 898 Praeelectam
1183 867 1276 899 valde
1299 869 1420 907 gratam

989 914 1036 945 Te
1061 913 1153 946 duxit
1177 913 1218 944 ad
1244 922 1391 955 eremum,

942 959 1005 993 Ubi
1031 968 1125 992 carne
1149 960 1289 992 resoluta

942 1007 1088 1039 Evolasti
1111 1006 1165 1038 via
1182 1009 1253 1038 tuta.

988 1054 1041 1085 Ad
1065 1061 1206 1094 perenne
1230 1053 1389 1093 gaudium.

942 1111 966 1143 O
992 1112 1147 1151 matrona,
1172 1112 1275 1141 mater
1300 1110 1391 1149 bona,

941 1157 965 1189 O
991 1157 1137 1197 benigna,
1163 1157 1258 1188 laude
1284 1157 1388 1198 digna,

987 1204 1070 1236 Cara
1093 1203 1156 1235 Dei
1178 1202 1254 1246 filia,

941 1251 1107 1283 Intercede
1131 1259 1189 1290 pro
1216 1251 1330 1283 devota

939 1298 1012 1329 Tibi
1036 1299 1151 1337 mente,
1177 1307 1238 1337 qua
1258 1301 1291 1329 te
1314 1301 1382 1330 tota

985 1344 1132 1377 Honorat
1155 1343 1286 1385 familia,

939 1401 986 1433 Ut
1011 1410 1030 1432 a
1052 1401 1135 1439 labe,
1157 1408 1219 1439 qua
1245 1399 1417 1441 foedamur,

937 1446 1111 1479 Emundati
1133 1455 1311 1478 mereamur

985 1495 1189 1526 Peccatorum
1214 1494 1337 1526 veniam

936 1541 981 1573 Et
1004 1544 1076 1582 post
1098 1542 1233 1572 mortem
1264 1549 1334 1572 eum
1358 1540 1460 1573 beatis

937 1588 990 1620 Ad
1014 1596 1171 1628 supernae
1193 1588 1367 1621 maiestatis

983 1636 1193 1668 Transeamus
1218 1636 1361 1676 gloriam.

242 1701 323 1729 Orat.
342 1709 395 1729 ms.
417 1701 602 1729 Carthusian.
624 1709 698 1728 saee-
720 1699 763 1728 15.
804 1700 873 1729 God.
895 1700 988 1737 Capit.
1008 1702 1157 1729 Treviren.
1175 1698 1238 1728 116.

605 1791 671 1823 308.
702 1792 744 1823 De
763 1792 872 1824 sancta
890 1791 1024 1823 Martha.

178 1863 207 1895 1.
235 1862 357 1900 Gaude,
383 1862 438 1903 pia
461 1862 648 1902 laboratrix,

234 1908 334 1942 Verbi
358 1909 420 1941 Dei
445 1909 641 1948 seminatrix,

233 1957 369 1989 Multam
394 1957 520 1997 plebem
546 1956 709 1996 acquisisti

235 2005 296 2037 Per
321 2013 438 2045 semen,
465 2005 549 2044 quod
574 2006 608 2035 tu
624 2004 781 2044 sparsisti.

172 2064 204 2095 2.
232 2061 353 2100 Gaude,
380 2062 524 2101 speciosa
548 2059 660 2101 forma,

231 2108 362 2144 Martha
385 2108 527 2141 virtuosa
550 2117 671 2148 norma,

231 2158 270 2190 In
295 2165 357 2196 qua
381 2155 518 2197 refulget
543 2156 681 2197 claritas,

232 2204 339 2238 Claret
364 2206 396 2235 et
420 2204 481 2236 Dei
505 2203 641 2236 bonitas.

173 2263 204 2296 3.
232 2261 353 2300 Gaude,
380 2261 488 2293 nutrix
512 2261 604 2302 panis
629 2261 723 2301 vitae,

230 2309 434 2348 Hospitatrix
459 2309 532 2351 agni
556 2308 628 2349 rite,

231 2356 327 2390 Cuius
350 2359 385 2387 te
406 2357 482 2390 lana
506 2356 646 2390 candida

229 2404 330 2437 Ornat
349 2404 422 2442 plus
447 2413 520 2436 rosa
543 2403 676 2443 fulgida.

854 1864 885 1895 4.

852 2062 882 2094 5.

851 2261 881 2293 6.

914 1862 1025 1895 Gaude
1050 1865 1093 1901 tu,
1121 1871 1201 1901 quae
1223 1863 1366 1895 meruisti

911 1910 1008 1941 Vultu
1033 1909 1098 1941 frui
1119 1909 1192 1941 Iesu
1218 1909 1337 1942 Christi

910 1957 999 1988 Tunc
1019 1957 1053 1989 in
1069 1956 1174 1998 terris,
1201 1966 1285 1989 nunc
1300 1957 1333 1989 in
1352 1957 1458 1998 caelis,

911 2004 1022 2036 Dulcis
1047 2005 1150 2036 mater
1175 2007 1207 2035 et
1229 2003 1344 2039 fidelis,

909 2060 1029 2099 Gaude,
1056 2060 1195 2101 Martha,
1222 2070 1302 2101 quae
1321 2063 1458 2102 ploratu,

910 2108 1005 2140 Fletu
1030 2111 1125 2148 atque
1145 2108 1270 2140 ululatu

910 2155 1015 2187 Vitam
1041 2154 1134 2188 fratri
1158 2155 1339 2195 impetrasti

909 2203 963 2235 Sic
987 2213 1006 2235 a
1029 2204 1104 2241 vita,
1131 2212 1225 2243 quam
1248 2204 1370 2235 amasti.

910 2260 1031 2304 Gaude,
1058 2269 1181 2302 gemma
1207 2261 1363 2303 caritatis,

909 2308 992 2342 Nam
1016 2309 1056 2340 de
1082 2307 1169 2340 fonte
1195 2308 1322 2340 deitatis

908 2356 1080 2395 Sumpsisti
1102 2355 1167 2386 mel
1190 2354 1357 2387 mirificum

909 2403 954 2435 Et
976 2406 1085 2443 potum
1111 2402 1320 2436 salutiferum.

1230 2455 1288 2485 11*
