1655 2573
691 120 946 156 —181—

266 216 328 257 Qui
352 217 506 248 tortorem
529 215 705 249 Dacianum

184 261 240 295 10.
266 263 423 295 Vitiosum
449 265 481 294 et
505 263 674 302 profanum

267 311 459 343 Constanter
480 311 648 351 superasti,

268 357 316 389 Te
338 357 444 397 ipsum
469 357 646 390 sublimasti

270 404 309 437 In
334 404 464 436 caelesti
489 404 601 444 gloria,

268 451 352 484 Nam
375 460 435 491 per
461 451 547 483 diros
569 452 735 492 cruciatUS,

188 497 241 530 15.
270 498 391 538 Quibus
417 506 527 530 caesus
554 501 586 530 et
609 500 732 530 assatus

266 545 339 578 Non
363 545 487 585 negasti
509 543 605 578 fidem
632 544 759 584 Christi,

269 592 332 624 Pro
357 601 419 632 qua
442 594 532 623 tanta
554 591 725 632 pertulisti.

267 639 365 672 Dolet
389 639 491 670 crucis
516 638 660 669 inimicus

270 685 359 718 Sicut
384 685 470 716 canis
494 684 684 724 impudicuS,

186 733 241 765 20.
269 731 332 765 Suo
357 732 471 764 rabido
497 740 534 762 ex
560 740 615 763 ore

265 779 312 811 Te
338 778 484 819 despexit
508 786 575 810 cum
602 778 725 818 pudore

945 218 986 251 Se
1010 213 1246 261 fatebat[!]esse
1267 216 1383 249 victum

944 264 989 296 Et
1012 273 1032 295 a
1057 263 1118 296 diis
1144 264 1339 305 derelictum,

944 312 1042 350 Quem
1066 310 1172 343 vicisti
1197 310 1315 344 Christi
1339 313 1425 343 sorte

864 360 918 392 25.
942 358 1021 390 Tam
1045 358 1080 389 in
1103 359 1170 390 vita
1194 366 1287 397 quam
1302 357 1336 388 in
1352 360 1464 390 morte.

947 406 971 437 O
997 405 1099 437 victor
1123 404 1330 437 invictissime

945 451 1154 492 Vincentique
1175 452 1311 491 piisime,

945 498 1045 530 Nobis
1069 500 1149 531 assis
1173 499 1205 530 in
1231 507 1330 539 agone

945 546 1013 577 Tua
1037 546 1270 588 intercessione,

867 593 922 625 30.
948 592 998 624 Ne
1021 601 1078 624 nos
1096 592 1223 632 frangat
1238 592 1336 623 hostis
1355 592 1466 630 crucis,

948 638 1011 670 Sed
1036 641 1184 671 aeternae
1207 647 1302 671 verae
1325 639 1405 670 lucis

946 686 990 718 Ut
1014 686 1185 727 participes
1210 684 1331 724 fiamus,

943 732 990 763 Te
1016 731 1129 764 devote
1151 732 1375 771 supplicamus.

248 843 328 872 Orat.
348 852 402 871 ms.
424 842 610 871 Carthusian.
632 851 706 870 saec.
730 841 774 870 15.
815 843 884 871 Cod.
907 843 1001 879 Capit.
1021 844 1170 871 Treviren.
1192 841 1254 871 116.

591 934 658 965 335.
687 934 730 965 De
749 934 856 966 sancto
877 933 1048 966 Vincentio.

186 1005 216 1038 1.
243 1004 268 1036 O
294 1005 450 1044 Vincenti,
478 1013 552 1036 vere
577 1005 687 1044 victor,

240 1050 422 1091 Affligentis
447 1053 479 1082 te
501 1049 647 1089 afflictor,

242 1097 346 1140 Vitae,
372 1099 482 1129 mortis
507 1106 566 1138 per
591 1106 755 1129 successus

242 1144 331 1177 Totis
348 1145 498 1176 membris
515 1148 632 1185 tensus,
651 1152 789 1184 pressus,

243 1191 371 1235 Fustes,
398 1192 504 1232 virgas
530 1200 563 1224 es
585 1200 766 1232 perpessus,

238 1238 374 1270 Manens
398 1242 503 1270 tamen
527 1239 714 1278 indefessus,

243 1285 308 1318 Sed
332 1288 468 1318 tortores
493 1294 551 1325 per
576 1286 701 1318 labores

241 1333 470 1373 Adgravantur
492 1335 524 1364 et
546 1334 715 1372 lassantur,

289 1380 342 1412 Sic
366 1383 399 1411 te
425 1380 584 1412 desistunt
608 1380 751 1411 caedere.

242 1427 344 1459 Iudex
369 1429 471 1458 motus
496 1427 554 1458 hos
579 1425 695 1458 afflixit

240 1473 285 1505 Et
308 1477 373 1506 tam
398 1473 505 1505 multis
529 1473 703 1515 maledixit,

241 1519 332 1558 Quod
357 1521 517 1552 nescirent
542 1524 573 1552 et
597 1520 765 1560 nequirent

239 1567 345 1601 Unum
371 1576 489 1600 marem
515 1568 581 1599 eius
606 1575 715 1607 parem

244 1614 403 1655 Superare
429 1623 488 1655 per
512 1617 679 1653 tormenta,

245 1661 309 1694 Tot
331 1661 452 1694 inferre
475 1664 672 1700 nocumenta,

291 1709 337 1742 Ut
363 1709 424 1741 diis
449 1709 551 1748 possit
575 1709 719 1749 credere„

185 1767 218 1798 2.
246 1764 323 1797 Cum
336 1766 415 1797 haec
426 1765 527 1804 vides,
542 1774 604 1797 non
618 1768 652 1796 tu
665 1767 792 1805 strides,

242 1812 306 1844 Sed
332 1812 488 1851 subrides,
514 1810 607 1845 firma
630 1811 711 1844 fides

243 1859 291 1891 Te
317 1860 373 1892 dat
397 1858 460 1891 fari
487 1859 533 1890 nil
558 1859 658 1891 amari

242 1906 342 1939 Modo
367 1907 472 1947 plane,
498 1906 648 1949 Daciane,

241 1954 297 1986 Me
314 1957 497 1994 torquentes
513 1956 664 1994 torquens
682 1951 793 1984 flentcs

292 2001 442 2033 Vindicas
469 2001 509 2033 cle
531 2001 657 2034 iniuria.

243 2048 393 2081 Graviter
417 2049 491 2080 hinc
515 2050 704 2087 peel-inatus,

241 2096 350 2137 Usque
373 2099 475 2128 costas
500 2096 668 2135 laceratus,

240 2144 320 2176 Post
344 2146 478 2184 assatuS,
502 2142 705 2184 perfricatus,

243 2190 307 2224 Sed
330 2191 477 2229 invictus,
505 2190 638 2230 clausus,
665 2190 794 2221 strictus

245 2238 348 2279 Super
372 2242 470 2270 testas
494 2239 713 2278 permolestus,

244 2285 305 2319 Sed
331 2287 362 2318 in
389 2285 484 2318 flores
509 2287 669 2318 molliores

290 2334 435 2366 Mutatur
458 2334 517 2365 illa
538 2333 632 2367 furia.

862 1007 893 1038 3.
919 1004 1013 1036 Molli
1037 1006 1140 1036 stratu
1164 1004 1260 1035 misso
1283 1002 1360 1035 flatu

919 1052 995 1083 Post
1019 1051 1189 1091 occumbis,
1215 1051 1309 1081 nullis
1334 1050 1452 1082 tumbis

918 1098 996 1130 Vult
1020 1100 1052 1128 te
1076 1095 1174 1138 fungi,
1199 1096 1341 1128 functum
1358 1097 1466 1137 pungi,

919 1144 1023 1176 Iudex
1046 1144 1150 1176 victus
1175 1144 1363 1175 maledictus

918 1191 989 1223 Non
1016 1191 1135 1232 erubet,
1162 1192 1219 1223 sed
1245 1194 1276 1222 te
1299 1190 1388 1222 iubet

920 1239 1038 1277 Campo
1066 1238 1204 1270 dandum
1229 1238 1271 1270 ad
1292 1238 1467 1270 vorandum

965 1285 1062 1317 Malis
1092 1284 1169 1317 feris
1195 1287 1227 1316 et
1250 1284 1372 1319 avibus.

918 1332 1059 1372 Quodam
1086 1341 1180 1364 corvo
1203 1334 1305 1363 rostro
1329 1334 1419 1362 torvo

919 1379 985 1411 Has
1010 1380 1185 1422 mordente,
1211 1378 1386 1417 repellente

920 1426 973 1458 Sic
996 1426 1143 1465 intactus,
1169 1426 1296 1457 tandem
1322 1425 1424 1456 iactus

920 1474 998 1506 Cum
1022 1473 1136 1505 molari
1162 1481 1194 1504 es
1219 1473 1252 1503 in
1276 1472 1367 1514 mari,

919 1520 997 1552 Mox
1021 1520 1141 1552 solutus
1166 1520 1242 1551 litus
1266 1521 1352 1550 tutus

918 1567 1035 1607 Tangis
1055 1568 1191 1607 pridem,
1217 1566 1321 1598 adhuc
1338 1565 1465 1606 quidem

966 1614 1061 1645 Daris
1086 1614 1214 1646 tumbae
1238 1613 1449 1645 conclavibus

862 1673 894 1704 4.
915 1671 972 1710 Ut,
999 1670 1156 1711 Vincenti,
1182 1678 1301 1710 pravae
1325 1670 1420 1709 genti,

920 1718 998 1750 Tam
1024 1716 1152 1758 furenti,
1178 1717 1341 1755 saevienti,

920 1765 967 1797 Te
991 1766 1151 1804 torquenti
1180 1792 1186 1798 .
1216 1792 1222 1798 .
1253 1795 1259 1798 .
1286 1792 1295 1798 ,
1322 1792 1328 1798 .
1355 1792 1361 1798 .

920 1812 1082 1854 Iuvenilis,
1110 1813 1167 1845 sed
1193 1811 1295 1843 virilis

920 1859 993 1891 Non
1018 1860 1151 1899 cessisti,
1177 1859 1234 1891 sed
1260 1858 1375 1898 vicisti,

921 1907 1038 1947 Morte,
1064 1907 1131 1938 vita
1154 1906 1207 1938 fac
1230 1914 1281 1937 me
1304 1905 1351 1936 ita

922 1954 992 1985 Tua
1016 1962 1075 1993 ope
1099 1956 1203 1986 stante
1227 1961 1337 1995 prope,

969 2000 1016 2033 Ut
1038 2004 1176 2041 perstem
1200 1999 1404 2032 invincibilis.

921 2048 991 2080 Fac
1016 2056 1149 2090 errores,
1175 2048 1275 2079 malos
1301 2056 1403 2079 mores

921 2096 966 2128 Et
990 2104 1112 2127 amores
1138 2105 1176 2128 ac
1199 2095 1329 2126 timores

921 2143 1044 2182 Falsos,
1070 2152 1168 2175 vanos
1193 2151 1232 2175 ac
1255 2142 1431 2174 mundanos

923 2190 976 2222 Sic
1001 2190 1126 2222 calcare
1151 2193 1183 2222 et
1207 2189 1327 2232 fugare,

921 2238 968 2270 Ut
991 2238 1023 2269 in
1048 2237 1105 2270 lite
1129 2238 1239 2270 mortis
1263 2238 1349 2269 vitae

925 2284 1156 2326 Confundatur,
1181 2285 1371 2317 retundatur

969 2333 1082 2365 Hostis
1107 2334 1209 2366 victus
1233 2332 1407 2365 horribilis.

247 2388 327 2417 Orat.
348 2397 401 2416 ms.
423 2389 608 2420 Carthusian.
630 2397 706 2416 saec.
731 2386 775 2416 15.
816 2389 885 2417 Οοᾱ.
906 2389 1001 2424 Capit.
1020 2389 1169 2416 Treviren.
1193 2386 1255 2416 116.
