1655 2573
771 139 1029 175 a-102—

678 235 741 268 194.
770 236 812 268 De
831 238 935 267 sancto
956 235 1118 267 Clemente.

266 311 295 344 1.
324 311 875 354 Gaude‚Glemens,praesulChristi‚
939 315 970 346 3.
998 312 1117 353 Gaude,
1142 311 1226 351 quod
1253 310 1373 343 cunctis
1399 308 1550 349 placebas

324 359 384 398 Qui
408 368 467 399 per
490 362 615 393 Petrum
641 361 789 393 invenisti
995 358 1040 390 Et
1063 358 1184 397 scripta
1207 360 1310 390 tecum
1336 357 1466 389 tenebas

368 407 519 438 Parentes
544 406 685 450 mirifice,
1044 406 1256 444 Congruorum
1284 405 1420 441 nomina,

322 452 442 492 Gaude,
469 458 578 485 sancte
605 453 676 484 dum
704 454 820 492 vixisti,
998 451 1118 491 Gaude,
1146 450 1219 482 dum
1246 452 1335 482 exsul
1360 449 1521 491 manebas,

322 500 436 530 Arcem
460 501 494 530 tu
521 500 721 538 promeruisti
996 499 1084 531 Inter
1108 506 1186 529 saxa
1209 497 1375 529 obtinebas

369 544 461 576 Sedis
486 545 690 583 apostolicae.
1041 545 1071 576 A
1096 544 1164 576 Deo
1190 542 1287 575 fontis
1312 543 1453 576 fiumina.

263 610 294 640 2.
321 608 442 647 Gaude,
469 611 553 649 quod
577 610 678 643 visum
704 611 822 643 dedisti
935 613 968 644 4.
994 610 1115 651 Gaude,
1142 609 1227 649 quod
1248 612 1302 641 tuo
1327 610 1448 641 honore

320 655 363 687 Et
387 656 539 691 auditum.
564 660 599 688 ut
623 658 734 696 petisti
995 657 1129 689 Factum
1155 658 1203 687 est.
1227 656 1295 688 Deo
1322 659 1479 689 structore

368 703 546 745 Dominum,
574 703 721 742 Sisinnio,
1043 704 1129 735 Mire
1153 704 1303 742 templum
1330 712 1475 743 aequore.

321 748 443 791 Gaude,
470 751 553 789 quod
574 751 658 782 hunc
687 751 869 783 convertisti
998 751 1056 789 Qui
1080 751 1198 790 gaudes
1226 759 1294 781 cum
1320 750 1488 794 salvatore,

322 796 399 827 Cum
424 798 584 836 trecentis,
609 806 687 835 quos
709 797 841 829 iunxisti
1000 796 1096 828 Salva
1118 806 1176 829 nos
1202 797 1350 829 draconis
1374 806 1430 829 ore

362 843 487 875 Domini
514 843 655 882 collegio.
1045 844 1082 875 In
1109 847 1250 875 extremo
1276 847 1426 884 tempore.

318 925 396 953 Orat.
416 934 468 953 mS.
484 926 673 953 Trudonense
692 934 766 953 saec.
784 923 827 953 16.
846 927 885 953 in.
907 926 975 954 Ood.
989 926 1127 954 Leodien.
1142 924 1206 955 395.
1224 942 1258 947 -
1281 926 1305 960 1,
1322 926 1339 954 5
1359 929 1392 954 tu
1411 928 1490 956 fehlt,
1506 942 1541 948 -·

242 959 269 997 3,
286 961 303 990 5
323 963 403 991 Inter
422 966 524 990 sancta
545 963 621 1000 quod
642 964 803 992 obtinebaz
819 978 855 982 —
877 961 903 998 3,
917 962 937 991 4
949 965 975 992 A
987 964 1051 991 Deo
1065 965 1187 999 fontem
1201 965 1323 993 flumina
1335 965 1415 993 fehlt.
1430 981 1467 986 —
1486 966 1513 998 4,
1526 965 1545 995 4

243 999 267 1026 O
289 1000 421 1028 Clemens
446 1002 496 1036 qui
515 1001 633 1036 gaudes.
656 1015 690 1019 —
712 999 737 1036 4,
759 1000 776 1028 5
796 1009 850 1028 11011
872 1010 890 1028 a
909 1002 1053 1030 draconis.

674 1139 735 1171 195.
766 1140 810 1171 De
830 1141 935 1171 sancto
957 1140 1104 1173 Cornelio.

254 1216 281 1248 1.
309 1216 429 1255 Gaude,
464 1226 553 1249 sacer
577 1219 705 1258 praesul
732 1218 859 1259 Christi,
991 1219 1112 1260 Gaude,
1139 1221 1223 1260 quod
1249 1221 1425 1253 sustinuisti

311 1264 408 1302 Quem
432 1266 468 1295 tu
491 1273 617 1305 semper
643 1265 791 1306 dilexisti,
989 1266 1099 1298 Diram
1124 1270 1268 1308 mortem,
1296 1269 1368 1300 dum
1390 1270 1538 1308 sprevisti

356 1311 482 1343 Corneli
505 1310 679 1352 magnifice,
1034 1314 1153 1346 Iudicis
1177 1314 1354 1354 imperium.

308 1357 429 1400 Gande⁷
455 1362 565 1390 sancte
589 1362 625 1389 tu
648 1359 770 1412 ViXiSfil’.
930 1380 961 1411 3.
989 1378 1109 1419 Gaude,
1135 1379 1281 1420 pontifex
1306 1381 1407 1420 beate,

310 1404 399 1442 Quod
423 1405 547 1456 ,cumen
571 1409 772 1458 pfomerfflsu
985 1425 1078 1456 Nune
1104 1435 1171 1458 cum
1197 1428 1314 1459 sanctis
1340 1432 1488 1460 coronate

356 1450 447 1482 Sechs
473 1452 674 1490 apostolicae.
1029 1473 1066 1504 In
1093 1474 1221 1504 caelesti
1245 1475 1370 1516 gaudio,

248 1517 277 1548 2.
305 1516 425 1556 Gaude,
452 1516 535 1555 quod
562 1524 620 1555 pro
646 1515 710 1547 fide
739 1517 857 1549 Christi
984 1518 1033 1549 Tu
1055 1528 1113 1550 nos
1137 1519 1189 1551 fao
1214 1528 1251 1551 ex
1278 1522 1411 1553 caritate

309 1562 385 1594 Cum
411 1565 464 1593 tuo
491 1563 574 1594 clero
599 1561 687 1594 fuisti
983 1565 1021 1596 In
1048 1566 1125 1597 caeli
1150 1567 1306 1599 suavitate

350 1610 468 1641 Missus
492 1610 525 1641 in
551 1609 704 1650 exsilium,
1028 1610 1158 1645 Laetari
1183 1613 1223 1644 de
1246 1614 1398 1653 praemio.

308 1696 387 1724 Orat.
406 1706 458 1724 ms.
478 1698 666 1725 Trudonense
685 1706 759 1725 saec.
783 1696 824 1726 16.
846 1700 886 1725 in.
916 1699 984 1726 0οᾶ-
1004 1699 1143 1728 Leodien.
1164 1698 1229 1728 395.

608 1834 667 1865 196.
693 1836 736 1866 De
757 1844 798 1868 ssn
819 1835 922 1867 Gosma
945 1838 976 1868 et
995 1837 1153 1870 Damiano.

243 1914 274 1947 1.
301 1913 488 1953 Gaudetote,
514 1914 614 1946 sancti
638 1914 734 1953 plane
978 1915 1156 1949 Gaudetote
1180 1918 1313 1951 liberari

302 1959 355 2002 [O]
384 1961 493 1993 cosma
520 1964 551 1992 et
575 1962 737 2002 Damiane,
978 1963 1047 1995 Vos
1074 1965 1114 1995 de
1137 1966 1210 2005 igne
1235 1969 1268 1996 et
1292 1967 1331 1998 de
1356 1967 1434 1997 mari

347 2008 428 2039 Esse
452 2006 567 2039 fratres
592 2009 741 2049 geminos,
1024 2011 1130 2050 Atque
1155 2011 1194 2043 de
1220 2013 1336 2044 eculeo.

300 2054 487 2093 Gaudetote,
515 2056 598 2094 quod
624 2055 787 2096 humanae,
918 2076 949 2107 3-
977 2074 1154 2108 Gaudetote
1177 2076 1315 2115 lapidari

297 2100 424 2132 Turbae
448 2100 629 2142 bestiaeque
652 2111 747 2134 sanae
976 2121 1139 2162 Caedique
1164 2125 1195 2152 et
1219 2124 1375 2162 sagittari,

345 2147 448 2178 Erant
472 2156 531 2186 per
553 2157 609 2180 VOS
635 2150 782 2182 medlcos·
1023 2167 1086 2199 Sed
1109 2168 1194 2200 laedi
1217 2169 1409 2210 nullomodo,

240 2214 271 2246 2.
299 2212 484 2253 Gaudetote‚
512 2213 595 2251 quod
622 2212 745 2243 dabatis
976 2214 1153 2246 Gaudetote
1179 2215 1330 2248 decollari

296 2259 364 2290 Deo
389 2267 444 2290 vos
471 2261 503 2289 et
526 2258 724 2298 spernebatis
974 2259 1167 2300 Insimulque
1191 2264 1342 2296 tumulari

342 2305 457 2338 Mundi
484 2305 677 2345 transitoria,
1020 2306 1059 2338 111
1081 2317 1145 2339 una
1166 2309 1308 2342 ecclesia.

303 2390 381 2418 Orat.
403 2398 455 2418 mS.
476 2391 665 2419 Trudonense
684 2399 759 2418 saec.
776 2387 819 2418 16.
839 2391 879 2417 in.
909 2389 976 2418 Cod.
996 2390 1136 2421 Leodieu.
1156 2391 1219 2422 395.
