1655 2573
789 134 1043 168 2116—-

622 235 653 265 3,
681 230 803 271 Gaude,
829 229 912 268 quod
938 224 995 270 [de
1019 221 1066 268 te]
1092 224 1231 255 manavit

681 278 744 309 Pro
769 283 879 307 cruore
903 274 964 313 lac,
992 272 1066 303 dum
1091 270 1205 302 stravit

733 322 818 353 Nero
843 323 875 351 te
901 317 1083 355 crudeliter,

680 368 800 406 Gaude,
826 368 911 397 serto
937 366 1115 400 coronatus,

681 414 779 445 Trino
806 409 957 456 [exstans]
984 419 1069 441 nunc
1091 409 1202 441 beatus

729 459 869 490 Devotos
893 458 952 491 tibi
977 456 1102 489 adiuva.

349 526 427 553 Orat.
448 533 500 551 ms.
521 523 698 550 Trudonens=
734 531 805 549 saec.
828 519 872 548 16.
893 523 932 556 in.
966 520 1034 548 Ood.
1054 520 1193 548 Leodien.
1214 517 1278 547 395.

662 630 729 661 232.
760 631 793 662 In
815 630 1021 661 conversione
1042 638 1064 660 s.
1085 628 1186 660 Pauli.

312 727 319 734 .
346 701 467 743 Gaude,
496 700 593 733 Paule
617 709 673 732 vas
699 700 833 732 electum
1025 698 1146 739 Gaude,
1166 700 1250 738 quod
1268 698 1310 730 ad
1331 698 1415 730 caeli
1429 698 1572 731 thronum

345 747 463 781 Christi
488 756 626 787 voceque
651 750 849 787 correptum:
1023 746 1146 786 Raptus
1172 745 1326 785 accepisti
1352 746 1466 778 donum

389 794 492 833 Saule,
513 795 587 835 quid
601 803 651 825 me
666 794 892 834 persequeris?
1071 792 1157 825 Caeli
1181 793 1368 832 sapientiae.

343 841 466 880 Gaude,
496 841 562 873 solo
584 844 616 872 te
641 844 845 880 prostratum,
966 850 997 883 3.
1026 849 1146 887 Gaude,
1176 849 1287 880 doctor
1312 849 1465 887 veritatis,

344 887 395 921 Ab
423 896 531 920 01'1'01'2
553 890 734 920 revocatum
1024 896 1141 928 Verum
1166 896 1272 928 lumen
1300 896 1487 936 sanctitatis,

390 935 442 967 Ad
471 936 552 966 Viam
578 935 773 969 Clementiae·
1070 943 1280 976 Praedicator
1302 945 1434 984 gratiae,

310 1015 317 1022 .
345 990 466 1030 Gaude,
497 990 572 1030 quia
597 991 699 1022 crucis
727 991 842 1024 Christi
1026 990 1147 1031 Gaude,
1175 991 1258 1030 quod
1284 991 1382 1030 signis
1408 989 1533 1031 fulsisti,

346 1037 492 1070 Imitator
518 1038 669 1069 exstitisti
1025 1038 1143 1077 Quibus
1166 1041 1276 1078 gentes
1302 1038 1486 1070 convertisti

389 1084 508 1116 Amore
532 1084 682 1122 iustitiae,
1070 1084 1124 1116 Ad
1150 1083 1246 1117 fidem
1271 1086 1432 1117 ecclesiae.

626 1142 659 1173 4.
687 1139 809 1182 Gaude,
835 1141 908 1180 quia
934 1141 1110 1172 duodenem

682 1187 844 1219 Thronum
868 1187 1015 1227 possides
1040 1196 1205 1220 amoenum

731 1234 769 1266 In
794 1242 890 1274 regno
916 1235 1067 1268 laetitiae.

348 1298 427 1325 orat.
448 1307 501 1325 ms.
520 1298 709 1326 deonense
730 1307 804 1326 saec.
827 1296 870 1326 16.
891 1298 932 1326 in.
960 1298 1031 1326 Cod.
1051 1299 1192 1328 Leodien.
1212 1298 1277 1328 395.

728 1408 795 1439 233.
821 1408 863 1439 De
883 1411 988 1441 saneto
1010 1410 1117 1442 Paulo.

311 1501 318 1509 .
347 1475 467 1515 Gaude,
493 1477 601 1516 Paule,
628 1486 685 1511 vas
712 1478 846 1510 electum
965 1480 995 1514 3.
1025 1480 1146 1519 Gaude,
1174 1481 1282 1520 Paule,
1310 1482 1397 1521 virgo
1425 1480 1552 1519 Christi,

343 1522 463 1555 Christi
491 1531 629 1562 voceque
652 1528 851 1564 correptum:
1023 1528 1138 1560 Totum
1166 1530 1316 1561 mundum
1342 1527 1477 1560 docuisti

392 1568 498 1610 Sauie,
517 1570 594 1610 quid
606 1580 657 1602 me
669 1573 869 1612 persequeris
877 1574 895 1603 'x
1068 1576 1214 1615 Migrans
1227 1584 1285 1616 pro
1297 1575 1423 1608 Christo
1434 1573 1569 1614 fortiter,

345 1615 466 1657 Gaude,
492 1617 600 1657 Paule,
628 1618 712 1658 quod
737 1619 854 1651 audisti
1023 1622 1144 1665 Gaude,
1172 1623 1283 1663 Paule,
1310 1623 1364 1663 qui
1390 1622 1517 1654 certasti

345 1662 485 1705 Arcana,
511 1664 584 1696 dum
609 1666 719 1705 raptus
745 1664 833 1698 fuisti
1020 1669 1161 1709 Pugnam
1188 1669 1302 1702 bonam
1329 1674 1361 1701 et
1384 1669 1517 1702 servasti

390 1709 429 1740 In
450 1710 593 1749 paradisi
617 1711 750 1751 gaudiis,
1071 1716 1186 1749 Fidem
1209 1721 1331 1749 rectam
1354 1716 1499 1749 firmiter.

315 1791 322 1798 .
351 1765 471 1805 Gaude,
498 1766 606 1806 Paule,
633 1768 738 1799 lumen
761 1768 874 1810 plebis,

343 1811 416 1843 Dux
442 1814 474 1843 et
499 1814 609 1845 doctor
633 1824 733 1846 novae
754 1816 842 1859 legiS,
961 1820 993 1853 4.
1022 1819 1143 1860 Gaude,
1170 1822 1278 1861 Paule,
1305 1822 1389 1861 quod
1412 1821 1551 1852 manavit

389 1858 474 1890 Dum
498 1859 659 1893 Christum
687 1865 775 1894 recte
798 1873 891 1903 prae-
1020 1866 1084 1899 Pro
1110 1875 1224 1900 cruore
1246 1869 1308 1908 lac,
1337 1870 1411 1902 dum
1436 1868 1551 1900 stravit

672 1908 768 1953 dicas,
1068 1915 1155 1947 Nero
1180 1918 1212 1947 te
1239 1916 1430 1958 crudeliter,

344 1952 465 1994 Gaude,
492 1954 599 1994 Paule,
628 1965 754 1988 consors
781 1958 877 1998 Petri,
1020 1960 1142 2001 Gaude,
1172 1963 1282 1999 Paule,
1311 1966 1476 1995 coronatus

344 1999 475 2052 Romam
498 2002 627 2033 tandem
654 2004 729 2035 dum
752 2005 877 2047 venisti,
1019 2007 1111 2042 Serto
1136 2012 1228 2042 terno
1253 2019 1339 2042 nunc
1362 2011 1484 2052 beatus,

391 2045 548 2079 Simonem
573 2057 697 2090 magum
720 2060 861 2090 superas.
1069 2055 1210 2088 Devotos
1236 2056 1296 2089 tibi
1321 2058 1447 2091 adiuva..

350 2109 428 2136 Orat.
447 2119 498 2138 ms.
519 2119 593 2139 saec.
615 2111 658 2140 15.
693 2113 761 2141 Cod.
783 2115 934 2144 Colonien.
957 2117 983 2145 7.

730 2212 797 2243 234.
823 2214 867 2245 De
888 2217 995 2247 sancto
1017 2218 1122 2250 Petro.

310 2300 316 2308 .
344 2276 463 2328 Gaude,
491 2278 597 2317 Petre,
623 2278 872 2322 fundamentum,
1021 2286 1143 2327 Gaude,
1170 2290 1246 2328 quia
1271 2292 1414 2326 dilexisti

344 2323 508 2364 Prmceps,
535 2328 654 2377 pastor,
673 2330 890 2379 ornamentum
1021 2333 1190 2377 Christum,
1217 2346 1310 2376 quem
1327 2342 1362 2371 tu
1380 2345 1573 2383 conspexisti

391 2369 439 2401 Tu
463 2371 566 2410 plebis
592 2372 775 2415 cathohcae,
1067 2380 1340 2418 Transformatum
1368 2389 1497 2424 caelice.
