1655 2573
738 138 970 176 -44A

478 233 524 264 93.
555 232 699 273 Sequitur
720 232 832 263 devota
852 232 952 264 oratio
972 231 1008 262 de
1028 229 1255 271 gloriosissimo

553 277 728 312 confessore
752 280 867 311 Christi
883 279 975 311 beato
995 279 1176 310 lheroniuio.

259 387 266 393 .
292 360 394 399 Ave,
421 363 529 391 sancte
553 360 740 398 Iheronime,

291 406 462 438 Doctorum
488 406 702 445 celeberrime,

292 452 409 484 Pravos
434 462 561 484 monens
585 453 746 490 acerrime,

291 499 340 530 Ne
364 503 495 538 pereant
520 499 692 532 celerrime.

241 576 268 596 ¹.
294 563 435 603 Salve,
461 574 579 596 summe
604 565 784 597 cardinalis.

289 610 354 642 Dos
380 620 469 650 quem
493 611 555 642 zeli
578 611 730 651 spiritalis

292 658 389 689 Plene
412 658 491 689 lavit
515 657 634 689 cunctis
658 658 759 697 malis,

290 703 335 736 Ut
362 712 449 735 mens
474 708 556 736 esset
581 703 737 737 divinalis.

905 361 934 392 3.
963 358 990 390 G
1000 368 1048 390 au
1058 359 1077 390 d
1088 367 1105 390 e
1116 385 1123 399 ,
1149 368 1242 391 verus
1268 356 1454 393 dominator,

962 404 1052 437 Senis
1076 405 1155 445 legis
1181 414 1214 437 es
1236 404 1409 437 translator

961 451 1115 492 Fideique
1136 451 1316 484 defensator

959 498 1001 530 Et
1027 508 1169 531 errorum
1195 499 1397 536 exstirpator.

902 567 933 598 4.
959 564 1075 607 Vale,
1103 565 1221 596 clarum
1246 562 1355 595 mundi
1380 563 1495 596 lumen,

962 611 1051 649 Quod
1074 611 1237 642 succendit
1259 609 1320 642 Dei
1345 617 1470 640 numen.

963 657 1143 689 Gratiarum
1168 656 1266 689 funde
1289 655 1415 695 fiumen,

960 703 1061 735 Menti
1083 706 1211 736 nostrae
1236 704 1278 736 da
1301 711 1443 735 acumen.

663 840 709 870 94.
742 839 846 871 Oratio
864 840 903 871 ad
924 839 1060 871 eundem.

261 944 267 951 .
295 919 399 960 Ave,
427 919 536 950 doctor
560 921 594 950 tu
618 918 758 957 insignis,

295 965 333 996 In
359 974 419 1004 quo
442 965 503 996 Dei
528 966 608 997 arsit
629 964 713 1004 ignis

294 1011 504 1050 Precibusque
527 1011 600 1043 fave
626 1011 727 1050 dignis

289 1057 334 1088 Et
359 1058 480 1089 custodi
505 1067 523 1089 a
548 1057 699 1097 malignis.

257 1149 263 1155 .
289 1122 433 1162 Salve,
458 1123 525 1155 Deo
551 1126 585 1154 tu
611 1123 755 1161 dilectus,

290 1167 464 1200 Sanctitate
487 1170 693 1209 praeelectus,

289 1215 374 1246 Favo
399 1215 479 1247 caeli
503 1216 565 1247 iam
587 1214 736 1257 refectus,

287 1260 347 1303 Da,
373 1264 409 1293 ut
431 1263 487 1293 sim
513 1263 555 1294 ad
577 1266 610 1294 te
635 1267 767 1296 erectus».

908 920 938 951 3.
966 917 1126 956 Gaude,
1152 920 1257 949 terrae
1282 917 1424 957 eremita,

963 965 1037 996 Poli
1061 965 1117 996 sed
1142 965 1205 997 iam
1232 963 1407 1005 coenobita,

963 1011 1023 1051 Da,
1049 1014 1085 1042 ut
1109 1014 1217 1043 nostra
1241 1012 1351 1043 labens
1377 1011 1445 1042 vita

963 1057 1032 1089 Tua
1055 1066 1151 1097 prece
1175 1059 1217 1090 sit
1241 1057 1372 1090 munita.

905 1127 937 1157 4.
962 1124 1080 1163 Vale,
1107 1124 1211 1155 scriba
1235 1123 1398 1163 trinitatis,

961 1169 1011 1201 Sis
1034 1174 1125 1209 pater
1149 1169 1314 1202 fidelitatis

961 1217 1057 1256 Apud
1081 1217 1183 1248 Deum
1208 1216 1394 1256 maiestatis,

962 1263 1008 1296 Ut
1031 1264 1170 1295 locemur
1195 1272 1264 1296 cum
1289 1262 1402 1294 beatis.

610 1398 656 1429 95.
686 1398 733 1428 Ad
753 1400 893 1430 sanctum
912 1399 1113 1430 Ambrosium.

255 1503 261 1509 .
288 1476 390 1518 Ave,
417 1479 525 1508 sancte
548 1481 583 1508 tu
606 1476 765 1516 Ambrosi‚

291 1522 399 1554 Proles
423 1522 484 1553 viri
508 1522 660 1562 generosi,

289 1568 335 1600 Tc
358 1569 522 1600 laudamus
547 1569 723 1601 aerumnosi

290 1614 401 1646 Gratia
426 1614 611 1649 defectuosi.

255 1705 261 1712 .
289 1679 430 1720 Salve,
462 1681 540 1712 miro
565 1681 657 1713 modo
682 1684 783 1724 natus,

287 1727 391 1766 Apum
417 1736 510 1768 grege
535 1736 567 1758 es
592 1727 742 1769 signatus,

291 1772 379 1811 Quod
404 1774 447 1804 sis
473 1775 583 1806 doctor
605 1774 778 1814 melleatus,

286 1820 381 1851 Malis
405 1819 500 1859 ferus,
526 1820 616 1853 bonis
641 1824 757 1860 gratus

902 1480 933 1510 3.
960 1477 1077 1509 Gaud
1093 1486 1127 1518 e,
1158 1478 1269 1512 doctor
1293 1481 1328 1509 tu
1352 1479 1507 1518 sublimis,

960 1524 1059 1555 Pasce
1083 1527 1203 1556 stantes
1228 1535 1285 1557 nos
1309 1525 1342 1556 in
1366 1526 1440 1557 imis

960 1570 1064 1602 Sacris
1090 1571 1168 1602 cibis
1193 1575 1226 1603 et
1248 1572 1374 1614 opimis,

960 1616 1003 1648 Ut
1027 1617 1168 1650 levemur
1191 1618 1295 1658 pressi
1319 1619 1423 1651 nimis.

902 1684 933 1716 4.
960 1681 1078 1723 Vale,
1105 1684 1205 1715 virtus
1231 1684 1427 1726 clericorum,

959 1728 1085 1760 Direxit
1106 1733 1138 1760 te
1162 1739 1219 1762 rex
1245 1731 1412 1768 caelorum,

960 1775 1057 1807 Posce
1081 1785 1173 1816 opem
1197 1778 1380 1809 meritorum

949 1824 1062 1862 -Atque
1091 1824 1198 1856 sedem
1224 1825 1406 1858 electorum.

583 1955 627 1988 96.
658 1956 703 1987 Ad
725 1957 851 1989 eundem
872 1958 972 1990 oratio
994 1960 1136 1992 secunda.

255 2057 262 2064 .
289 2035 391 2077 Ave,
417 2035 518 2067 lumen
545 2037 755 2068 Romanorum

288 2081 331 2112 Et
358 2081 486 2113 lucerna
508 2083 737 2123 Meylanorum‚

288 2127 405 2159 Terror
434 2137 466 2159 es
491 2129 719 2161 haereticorum

290 2173 336 2204 Et
359 2172 434 2214 fuga
460 2175 701 2208 daemoniorum.

254 2268 259 2274 ,
285 2239 425 2279 Salve,
454 2240 563 2273 doctor
586 2241 780 2282 benedictus,

286 2287 386 2319 Purus
412 2287 499 2327 virgo
523 2295 648 2328 semper
674 2288 785 2330 dicim,

284 2333 389 2365 Prava
412 2335 506 2366 sorde
527 2344 589 2367 non
615 2335 785 2375 convictus,

284 2380 353 2412 Diri
379 2381 476 2412 hostis
501 2382 584 2421 pelle
607 2381 697 2416 ictus.

905 2041 934 2072 3.
964 2038 1124 2081 Gaude,
1150 2041 1238 2082 pugil
1261 2042 1295 2073 in
1320 2051 1428 2083 agone,

960 2085 1059 2117 Cerne
1084 2087 1125 2118 ad
1149 2097 1217 2129 nos,
1242 2090 1353 2128 pastor
1379 2089 1469 2128 bone,

959 2131 1011 2163 Da
1035 2136 1158 2164 certare
1179 2143 1235 2173 spe
1260 2143 1395 2166 coronae

958 2177 1053 2209 Fidei
1083 2188 1152 2210 cum
1175 2181 1320 2220 pugione.

900 2246 930 2276 4.
957 2243 1077 2285 Vale,
1103 2247 1231 2284 praesul
1256 2245 1381 2287 fulgens
1407 2248 1483 2289 vita,

955 2289 1053 2322 Flore
1075 2300 1197 2324 morum
1221 2294 1281 2325 hoc
1304 2294 1415 2338 polita,

955 2336 1005 2368 Da
1028 2346 1228 2378 progressum
1249 2341 1337 2380 sequi
1362 2342 1418 2383 ita,

955 2383 1004 2415 Sit
1026 2394 1113 2417 mens
1137 2391 1247 2420 nostra
1270 2391 1372 2420 tecum
1398 2390 1469 2423 sita.
