1655 2573
717 112 969 151 —152—

884 210 939 244 11.
963 209 1116 241 Fremens
1140 208 1189 240 leo
1213 203 1448 239 mansuefactus

963 256 1026 289 Pro
1051 255 1175 287 medela
1196 255 1238 287 ad
1263 257 1295 285 te
1320 255 1440 285 tractus

1010 302 1148 337 Pedibus
1173 300 1378 341 provolvitur,

964 351 1097 389 Sumpta
1121 357 1197 381 cura
1221 348 1374 381 duratura

963 397 1121 429 Servitute
1141 404 1200 436 pro
1223 395 1326 427 salute

1011 444 1135 476 Merces
1161 442 1220 474 tibi
1248 441 1391 474 solvitur.

962 501 1100 533 Claustri
1122 498 1222 530 muris
1246 497 1377 529 ruituris

961 547 1016 579 Tis
1043 547 1187 579 devotam
1211 544 1286 576 hinc
1309 545 1446 575 amotam

237 214 266 245 5.
292 212 383 251 Quod
406 210 516 245 beatus
541 212 734 253 Augustinus

292 259 336 291 Et
361 259 507 300 cyrillus,
532 259 580 293 vir
606 258 739 299 divinus,

341 305 520 343 Censerunt,
537 306 734 345 mirabiliter,

292 353 360 385 Nec
368 353 556 394 mirandum,
565 353 649 393 quod
658 355 831 392 aequantur

293 400 428 441 Pugiles,
457 400 529 432 dum
554 401 776 441 praemiantur,

338 447 397 485 Qui
423 448 583 478 certarunt
606 446 759 478 similiter.

235 504 264 535 ὃ.
292 502 316 534 O
342 510 464 543 aurora,
491 511 582 541 quam
603 502 717 534 decora

291 548 421 580 Stillans
432 556 544 593 rorem,
555 557 613 587 per
622 558 711 588 quem
721 548 827 581 florem

880 503 934 535 12.

213 1656 265 1690 10.

210 2123 242 2155 1.

340 596 497 627 Virtutum
522 595 673 637 concipio,

291 642 342 674 Da
363 641 477 674 florere
502 645 533 673 et
557 641 715 684 frondere,

291 688 391 720 Ferre
415 687 547 729 fructus,
573 692 642 720 tuos
669 690 778 721 ductus

338 734 477 775 Sequens
501 744 562 767 non
589 735 720 775 desipio.

295 791 472 823 Gardinalis
499 799 553 822 ens
577 791 609 822 in
635 791 734 823 Roma

292 837 423 877 Spirans
446 838 571 876 lateque
593 838 718 869 theoma

338 883 417 916 Fers
440 884 631 915 aemulorum
657 882 763 927 furias,

292 932 346 963 Ad
371 931 528 962 desertum
553 929 627 961 inde
652 938 776 969 gressus

291 978 482 1009 inhumanas
507 985 540 1007 es
564 984 735 1016 perpessus

338 1023 389 1056 Ibi
414 1023 517 1054 carnis
541 1022 681 1056 iniurias

291 1080 456 1112 Macerata
478 1076 558 1110 haec
581 1083 614 1109 te
638 1081 728 1115 teste,

290 1125 423 1157 cilicina
445 1128 531 1156 tecta
553 1128 652 1165 veste,

338 1172 450 1204 Nudae
474 1173 567 1204 humo
592 1171 744 1213 alliditur,

293 1220 369 1251 Post
392 1219 590 1259 squalescens
616 1221 648 1249 et
666 1227 812 1250 arescens

290 1265 390 1306 Nigra
412 1266 506 1305 pellis
533 1266 573 1297 de
594 1264 729 1304 flagellis

335 1312 423 1343 Tuae
448 1320 557 1343 manus
581 1311 740 1344 inciditur.

290 1368 364 1407 Quis
391 1367 505 1399 divinis
531 1368 562 1398 in
590 1368 741 1399 doctrinis

288 1414 508 1453 Exponendis,
534 1412 765 1445 transferendis

335 1459 380 1492 Et
403 1460 436 1491 in
460 1462 507 1491 tot
528 1460 694 1499 linguagiis

289 1507 367 1538 Tam
379 1504 565 1547 profundus,
580 1509 644 1537 tam
657 1505 810 1538 facundus

291 1554 356 1585 Aut
380 1553 412 1584 in
438 1555 505 1584 tota
528 1553 637 1584 mundi
662 1555 732 1584 rota

336 1599 456 1632 Tantus
480 1601 514 1630 in
538 1598 717 1638 suffragiis?

292 1655 441 1687 Monialis
466 1655 568 1687 saevis
591 1655 681 1687 malis

289 1702 372 1733 Dum
393 1704 575 1741 temptatur,
607 1701 811 1735 obumbratur

335 1748 375 1780 Vi
398 1750 472 1780 tuae
493 1748 648 1789 imaginis,

286 1796 431 1828 Fratrem
457 1795 552 1834 plane
575 1795 614 1826 de
642 1804 809 1834 germanae

290 1842 400 1883 Stupri
424 1840 498 1873 felle
524 1844 631 1874 contra
658 1843 738 1874 velle

336 1888 446 1921 Salvas
472 1892 504 1920 et
526 1889 694 1929 voraginis,

883 791 936 823 13.

883 1080 935 1111 14.

883 1368 935 1399 15.

882 1657 934 1690 16.

1009 593 1115 626 Solam
1139 600 1246 624 servas
1273 591 1313 623 de
1337 591 1461 629 ceteris,

962 639 1146 680 Exstinguis
1171 638 1377 670 Sabinianum

961 687 1239 727 Blasphemosque,
1265 685 1323 717 sed
1347 683 1482 716 filiarum

1008 734 1145 766 Pulchre
1156 732 1262 772 solvis,
1274 732 1348 763 dum
1355 729 1483 771 peteris.

965 789 1036 830 Gur,
1060 789 1221 829 baptistae
1244 797 1313 828 par,
1339 787 1463 826 assiste,

963 835 999 868 In
1022 836 1142 866 honore
1166 834 1221 875 qui
1243 834 1353 865 labore

1007 882 1053 913 Es
1078 881 1151 913 huic
1176 879 1408 920 comparabilis,

963 928 1135 967 PostulatO,
1162 935 1201 959 ne
1225 927 1307 959 irato

962 975 1127 1007 Iudicante
1152 974 1213 1006 Dei
1240 976 1314 1005 nato

1008 1020 1156 1053 Inveniar
1181 1019 1381 1053 damnabilis.

963 1077 1055 1118 Dato,
1081 1077 1144 1117 pie,
1169 1079 1203 1108 ut
1227 1077 1261 1108 in
1285 1076 1337 1108 die

962 1124 1040 1156 Tam
1065 1122 1192 1163 poenali
1219 1122 1372 1155 tribunali

1010 1171 1119 1202 Astem
1146 1169 1354 1209 securissime,

963 1216 1034 1249 Hoc
1057 1217 1189 1250 adverte
1215 1216 1284 1248 dari
1309 1224 1367 1256 per
1391 1218 1433 1256 te,

963 1263 1146 1297 Postulatur
1171 1263 1335 1304 quidquid,
1363 1265 1448 1294 certe

1010 1311 1080 1342 Rex
1101 1310 1190 1342 iubet
1214 1310 1375 1344 citissime.

965 1367 1047 1399 Hinc
1071 1366 1236 1405 scripturis
1263 1367 1304 1398 de
1326 1366 1468 1398 obscuris

964 1413 1163 1446 Intellectum
1189 1413 1229 1444 da
1254 1411 1430 1454 perfectum

1012 1461 1090 1492 Cum
1113 1468 1228 1499 sapore
1252 1468 1375 1501 sugere,

961 1505 1131 1546 Exquisita
1155 1510 1241 1538 stare
1264 1506 1339 1548 vita,

960 1552 1068 1584 Motus
1091 1553 1195 1591 luxus,
1220 1553 1305 1584 bona
1328 1551 1431 1585 fluxus

1006 1599 1052 1631 Et
1075 1607 1221 1631 excessus
1245 1599 1365 1639 fugere.

961 1655 1039 1688 Esto
1064 1654 1156 1688 fortis
1181 1657 1260 1688 hora
1282 1657 1405 1697 mortis,

961 1702 1011 1735 Ne
1034 1703 1066 1734 in
1091 1711 1217 1734 manum
1242 1703 1353 1735 duram
1375 1712 1486 1736 canum

1009 1750 1111 1781 Euam
1134 1748 1350 1791 infernalium,

958 1797 1085 1836 Expers
1110 1797 1212 1829 luctus
1237 1805 1296 1837 per
1319 1800 1352 1829 te
1374 1798 1486 1830 ductus

961 1844 1047 1877 Stem
1072 1843 1105 1875 in
1131 1844 1225 1876 choro
1249 1842 1453 1885 praefu1g0r0

1003 1890 1150 1923 Laudum
1172 1892 1401 1931 perennalium.

272 1954 352 1981 Orat.
371 1962 426 1980 nis.
450 1952 634 1980 earthusian.
655 1961 730 1981 saec.
752 1952 796 1981 15.
836 1953 905 1981 Cod.
925 1954 1020 1990 Capit.
1039 1955 1168 1982 Trevire.
1191 1952 1254 1982 116.

614 2053 682 2085 290.
712 2053 755 2084 De
775 2061 798 2084 s.
818 2054 924 2086 Iacobo
940 2053 1065 2086 Maiore.

270 2123 294 2155 Ο
320 2123 444 2161 Iambe,
471 2126 506 2154 tu
530 2123 658 2155 lucerna

265 2168 407 2200 Galiciae
428 2169 490 2200 iam
516 2178 653 2209 superna

313 2215 436 2247 Lucens
463 2216 569 2247 divino
593 2217 707 2257 nitore,

267 2263 489 2302 Propugnator
512 2262 689 2302 supernalis

266 2309 367 2341 Nobis
394 2309 496 2350 datus,
523 2309 581 2350 eia,
609 2309 709 2349 qualis

312 2358 340 2389 A
367 2364 485 2389 summo
510 2360 699 2396 protectore.

880 2126 911 2159 2.

939 2125 987 2156 Tu
1011 2125 1132 2157 athleta
1156 2125 1229 2157 Iesu
1253 2125 1382 2165 Christi,

935 2170 1061 2202 Primus
1088 2180 1193 2204 merus
1218 2172 1271 2211 qui
1295 2170 1385 2203 fuisti

984 2217 1071 2249 Inter
1094 2218 1308 2258 apostolorum

941 2262 1063 2296 Sortem
1089 2268 1120 2296 et
1144 2264 1294 2297 Iohannis
1318 2264 1419 2298 frater

941 2310 984 2342 Et
1005 2312 1243 2352 peregrinorum
1265 2316 1358 2353 pater

988 2358 1079 2390 Valle
1101 2359 1136 2391 in
1159 2359 1220 2391 hoc
1242 2359 1396 2394 laborum.
