1655 2573
205 239 285 271 275.

203 554 280 587 276.

206 916 283 947 277.

207 1221 283 1253 278.

208 1526 287 1559 279.

212 1832 291 1864 280.

213 2111 290 2173 28'1.

714 137 875 172 -226
925 155 966 161 -—

298 237 480 277 Respondet
496 245 572 277 pars
588 234 810 274 evangelistae:

297 284 507 316 sacerdotalis
530 282 608 313 ritus
634 281 694 312 iste

342 331 369 362 T
370 339 431 362 unc
443 331 567 369 quidem
581 329 683 360 locum
693 325 810 365 habuit,

296 378 378 409 Dum
395 377 561 416 presbyter
578 375 659 406 hunc
673 377 702 404 et
715 372 812 404 levita

295 425 508 464 Praetereunt,
533 421 567 452 in
592 420 747 452 Samarita

344 469 402 507 Qui
425 469 581 500 sauciatus
606 466 717 499 tabuit.

294 554 339 585 Et
363 561 454 584 eruor
476 550 564 583 fusus
586 550 764 589 vitulorum,

295 599 444 631 Hircinus
469 597 561 629 simul
585 600 617 628 et
640 599 800 628 taurorum

341 645 526 676 Diminuunt
551 643 742 683 peccamina,

296 692 357 724 Sed
382 692 461 723 ritus
485 691 546 722 iste
570 690 758 722 servientem

295 739 366 770 Non
391 736 515 777 perficit
534 745 593 768 nec
608 740 723 777 purgat
738 744 812 775 gen-

593 785 669 822 teni,

342 828 812 870 Quamfoedagravantfamina.

298 915 378 945 Nam
403 914 616 946 holocaustum
642 913 787 954 animale,

298 960 449 993 Libamen
476 959 695 992 caerimoniale

341 1008 390 1038 Ae
415 1009 520 1038 cetera
543 1006 694 1038 libamina

298 1053 449 1085 Mortalia
470 1063 534 1085 non
558 1052 738 1092 abluebant,

300 1100 534 1139 Quodammodo
558 1100 611 1130 vix
638 1099 798 1130 diluebant

344 1146 470 1178 Delicta
493 1146 638 1179 venialia.

301 1221 368 1252 Nec
393 1220 514 1252 cithara
539 1228 687 1252 carnosae
712 1220 790 1260 legis

299 1267 418 1300 Sonoro
442 1267 511 1298 veri
530 1266 635 1299 David
660 1267 743 1307 regis

350 1314 528 1345 Concordat
553 1321 621 1344 cum
645 1313 805 1355 psalterio,

302 1360 346 1391 Et
370 1368 407 1391 ea
429 1363 560 1399 propter
585 1360 667 1391 scias
687 1368 773 1400 vere,

302 1407 434 1438 Vetusta
457 1407 539 1445 quod
565 1406 758 1443 exsulavere,

349 1452 440 1483 Stant
463 1461 545 1484 nova
569 1453 625 1483 sub
651 1453 809 1493 mysterio.

302 1525 460 1560 Umbrosa
483 1534 615 1564 namque
641 1526 724 1556 tristi
753 1526 819 1557 'belo

302 1573 370 1605 Lex
394 1573 499 1612 Moysi
522 1572 627 1603 velata
652 1573 720 1604 velo

349 1618 488 1650 Evanuit
513 1618 666 1660 famelica,

302 1666 346 1697 Et
368 1666 531 1704 plenitudo
556 1666 695 1704 gratiosa

305 1713 380 1745 Cum
405 1712 538 1743 veritate
562 1712 701 1750 spatiosa

349 1758 459 1789 111uxit
483 1758 672 1798 evangelica.

304 1831 386 1863 Dum
410 1833 479 1871 pius
504 1832 559 1863 ille
584 1832 738 1864 Samarita

306 1878 384 1910 Tam
409 1880 574 1910 sacerdote
597 1888 689 1918 quam
712 1879 811 1911 levita

350 1924 473 1965 Fugato
498 1934 622 1966 aegrum
649 1926 748 1969 erigit,

304 1971 465 2003 Fomentis
490 1972 552 2003 olei
577 1981 646 2004 cum
672 1973 741 2004 vino

303 2018 446 2057 Lutoque
469 2023 561 2058 sputo
586 2027 656 2050 cum
682 2019 786 2051 divino

352 2064 523 2097 Commixto
548 2073 653 2097 secum
680 2066 798 2109 dirigit,

304 2139 393 2170 Tunc
426 2149 516 2172 carus
539 2148 626 2172 meus
652 2141 824 2172 celebravit

305 2185 497 2227 missamque
512 2188 618 2219 dicens
629 2188 825 2219 consecravit

352 2232 421 2263 Hoc
438 2241 545 2265 verum
560 2242 673 2273 eorpus
687 2234 823 2274 Domini,

303 2279 341 2311 In
364 2277 429 2311 fide
452 2281 536 2319 quod
559 2281 696 2312 sumenti
717 2281 779 2312 rite

306 2327 382 2359 Cum
408 2326 518 2358 bravio
543 2330 691 2360 aeternae
716 2328 799 2359 vitae

352 2372 490 2406 Salutem
516 2373 636 2407 confert
660 2374 787 2408 homini.

870 535 948 567 283.

874 885 951 916 284.

876 1233 954 1266 285.

878 1581 957 1614 286.

879 1932 957 1965 287.

872 231 950 263 282.
965 229 1097 261 Servato
1123 226 1196 266 ritu,
1223 234 1315 266 quem
1339 223 1466 265 ind-ixit,

964 276 1027 307 Hic
1046 272 1194 312 sacrifex,
1221 281 1312 313 quem
1330 269 1488 303 crucifixit

1011 322 1095 354 Gens
1119 320 1309 353 Iudaeorum
1331 317 1466 359 perfida,

965 369 1014 401 Sit
1038 368 1088 399 cui
1112 368 1223 408 virtus,
1251 365 1416 408 fortitudo,

963 416 1048 447 Laus
1074 418 1106 446 et
1130 414 1258 446 honoris
1283 412 1448 453 longitudo

1010 462 1048 494 In
1073 461 1216 493 trinitate
1241 459 1358 492 trifida.

963 533 1044 565 Pars
1062 532 1165 570 prima
1183 531 1275 562 dicit:
1293 530 1396 561 Miror
1410 528 1488 560 mul-

1265 579 1341 615 tum,

963 626 1014 658 Ex
1040 633 1095 656 ore
1120 628 1172 656 tuo
1199 633 1255 655 cur
1280 624 1341 655 hoc
1356 624 1486 655 stultum

1012 672 1181 711 Eloquium
1206 670 1377 712 prodierit,

964 719 1118 758 Dicendo,
1150 720 1221 749 tuus
1246 718 1330 757 quod
1357 717 1490 748 dilectus

964 767 1003 798 In
1030 773 1107 797 cena
1127 764 1246 798 Christi
1263 773 1361 804 supra
1377 767 1490 803 peetus

1012 812 1209 844 Recumbens
1236 811 1453 843 obdormierit.

967 882 1047 913 Nam
1075 882 1134 913 etsi
1158 881 1231 912 Iesu
1255 884 1364 920 pastus
1392 890 1447 913 esu

966 929 1010 961 Et
1033 929 1093 960 hoc
1117 929 1150 960 in
1176 937 1230 959 esu
1256 927 1373 959 Christi
1399 928 1471 960 Iesu

1014 976 1052 1008 In
1077 975 1147 1006 sinu
1172 974 1364 1015 recubuerit,

968 1021 1038 1054 Non
1054 1024 1158 1054 tamen
1169 1023 1260 1062 patet
1273 1030 1312 1052 ex
1325 1022 1492 1061 scripturis

968 1068 1179 1100 Sententiisve
1203 1068 1316 1107 scripti
1339 1069 1427 1109 iuris,

1016 1115 1213 1147 Recumbens
1253 1115 1336 1154 quod
1372 1115 1445 1146 dor-

1267 1161 1382 1196 mierit.

970 1232 1047 1264 Pars
1061 1232 1159 1264 alt'ra
1174 1232 1268 1264 dicit:
1289 1233 1358 1264 Hae
1369 1232 1402 1263 in
1416 1241 1494 1264 cena

971 1281 1039 1317 Qua
1062 1280 1149 1317 picta
1173 1278 1308 1310 fratrum
1335 1279 1482 1311 duodena

1018 1325 1155 1358 Cohorte
1177 1325 1319 1357 Christus
1347 1325 1491 1365 cingitur,

970 1372 1050 1414 Die,
1075 1373 1227 1411 numquid
1251 1381 1338 1404 meus
1363 1372 1492 1413 praedi-

1268 1419 1370 1451 lectus

971 1465 1094 1497 ‘ibidem
1118 1466 1191 1497 Iesu
1215 1475 1311 1506 supra
1336 1468 1447 1505 pectus

1018 1511 1225 1544 Obdormiens
1251 1512 1432 1553 depingitur
1443 1513 1460 1543 ‘.-·

970 1581 1169 1620 Quapropter
1209 1581 1335 1620 quidem
1372 1590 1446 1614 euro

1270 1637 1392 1669 parum,

972 1673 1035 1705 Sed
1051 1675 1253 1706 munimentis
1265 1676 1495 1715 scripturarum

1019 1721 1091 1752 Non
1116 1720 1229 1761 fungar
1253 1721 1287 1753 in
1313 1724 1494 1762 certamine,

971 1767 1048 1800 Cum
1061 1768 1139 1799 mihi
1150 1768 1215 1800 sint,
1227 1777 1285 1808 pro
1299 1771 1420 1808 scripto
1427 1771 1498 1802 iure

973 1814 1148 1847 Consuetae
1172 1818 1294 1847 veteres
1317 1817 1496 1856 scripturae

1019 1862 1161 1894 Notabili
1185 1864 1363 1897 testamine.

973 1931 1205 1972 Gregoriusque
1231 1934 1341 1966 doctor
1366 1932 1461 1978 fatur,

974 1979 1018 2011 Ut
1042 1987 1142 2011 canon
1166 1983 1256 2011 vetus
1280 1984 1463 2023 attestatur,

1020 2026 1108 2064 Quod
1134 2026 1224 2058 laicis
1251 2028 1450 2060 cernentibus

973 2072 1034 2104 Pro
1059 2073 1194 2105 lectione
1218 2075 1261 2105 sit
1284 2075 1412 2114 pictura

973 2118 1201 2151 Demonstrans
1215 2121 1292 2160 ipsis
1310 2122 1378 2160 hoc,
1398 2124 1499 2163 scrip-

1275 2170 1349 2200 tura

1024 2213 1112 2251 Quod
1140 2213 1263 2245 clericis
1288 2215 1477 2255 legentibus.

884 2283 963 2316 288.
979 2282 1058 2314 Pars
1066 2283 1169 2322 prima
1179 2283 1270 2316 dicit:
1281 2284 1394 2326 Miror,
1405 2295 1504 2326 quare

978 2329 1015 2361 In
1040 2332 1161 2361 tantum
1188 2331 1265 2363 velis
1292 2332 1447 2373 derogare

1023 2376 1189 2416 Baptistae
1212 2378 1437 2421 benignissimo
