1655 2573
175 225 253 258 208.

175 526 256 558 209.

173 825 252 859 210.

173 1174 252 1207 211.

171 1522 250 1556 212.

166 1814 247 1849 213.

163 2111 242 2145 214.

695 137 952 172 —221—

268 226 306 257 In
332 225 447 259 throno
474 227 535 260 Dei
562 237 665 261 coram
688 239 767 270 agno

270 272 315 305 Et
342 273 414 304 Iesu
439 274 597 308 salvatore
621 286 745 317 magn0‚

316 319 379 351 Sed
389 323 524 353 stantem
532 331 600 354 cum
610 324 793 363 proceribus

269 365 449 405 Magnificis
475 368 708 402 innumerosam

270 412 399 445 Vidisse
423 415 547 448 turbam
577 418 745 458 copiosam,

314 460 496 494 Mirandum
518 463 551 494 in
575 464 723 504 operibus

271 526 469 559 Laudantem
487 528 589 560 Deum
613 529 793 570 gloriosum,

272 573 352 604 Prae
366 576 486 607 cunctis
497 573 601 607 forma
607 576 793 617 speciosum,

314 619 497 653 Dicentem:
525 622 710 654 Benedictio

268 666 318 699 Sit
341 667 420 707 Deo,
447 669 556 707 virtus,
581 668 744 707 fortitudo,

267 713 386 745 Salutis
411 715 522 756 honor,
547 715 711 757 longitudo

314 760 359 791 Et
383 763 556 801 gratiarum
581 763 674 795 actio.

269 825 322 858 Sic
339 835 431 858 carus
449 830 520 859 tuus
538 828 662 867 quidem
678 828 791 867 stabat,

266 873 429 905 Andream
446 874 590 907 Christus
609 875 682 907 dum
700 884 792 907 voca-

570 921 635 962 bat,

315 967 359 998 Et
383 970 469 999 stare
493 977 554 999 non
582 969 716 1008 erubuit,

267 1014 312 1046 Et
337 1022 427 1046 carus
452 1022 539 1046 meus
564 1015 779 1054 praedilectus

266 1061 303 1093 In
331 1069 407 1092 cena
425 1061 543 1094 Christi
568 1071 664 1102 supra
680 1065 792 1101 pectus

312 1107 467 1140 Feliciter
492 1108 645 1141 recubuit.
671 1126 719 1132 —

267 1174 320 1205 Ad
343 1174 404 1205 hoc
427 1175 600 1214 respondet
621 1183 695 1214 pars
713 1175 791 1215 bap-

570 1222 677 1255 tistae:

265 1268 390 1300 Revera
414 1269 492 1307 scio,
522 1269 606 1307 quod
630 1268 792 1308 sophistae

313 1314 394 1346 Sunt
418 1315 451 1346 in
476 1323 621 1346 sermone
645 1316 765 1356 garruli

264 1362 308 1394 Et
333 1362 420 1393 velut
444 1362 525 1393 tauri
551 1363 724 1403 mugientes

264 1409 310 1441 Et
333 1412 369 1439 ut
393 1410 500 1441 leones
526 1410 695 1449 rugienteS,

314 1456 360 1488 Ut
383 1457 566 1495 elephantes
592 1456 723 1490 barruli.

266 1522 467 1563 Quapropter
487 1531 583 1562 saepe
597 1523 789 1562 dilabuntur,

264 1571 304 1602 In
328 1569 392 1601 oris
418 1570 515 1602 verbo
541 1569 708 1609 capiuntur

310 1615 441 1649 Erroris
466 1616 629 1658 retiaculo,

265 1664 429 1702 Loquaces
455 1666 551 1704 prout
574 1663 749 1703 improvisi,

265 1711 330 1751 Spe
354 1709 461 1751 fragili
487 1711 614 1750 quidem
639 1711 735 1743 innisi

311 1758 487 1790 Arundinis
512 1758 546 1789 in
571 1758 693 1791 baculo.

262 1815 314 1848 Ab
341 1814 504 1847 advocatis
531 1815 702 1854 consolata,

263 1863 440 1902 Praecepto
462 1862 541 1894 iuris
566 1861 737 1894 informata

312 1910 467 1942 Fidenter
491 1909 563 1941 volo
590 1910 706 1949 dicere,

263 1957 353 1998 Quod
379 1957 489 1990 morbo
509 1959 612 1989 tactus
631 1958 789 1989 aestuanti

259 2004 383 2038 Eodem
408 2005 518 2037 morbo
545 2004 704 2037 laboranti

312 2051 367 2084 Nil
388 2053 506 2093 poterit
531 2052 666 2086 obicere.

259 2110 323 2143 Sed
344 2119 442 2149 supra
456 2109 544 2142 ducis
558 2108 618 2141 hoc
629 2109 661 2140 in
675 2108 787 2149 lucem,

258 2158 349 2198 Quod
368 2166 460 2189 carus
475 2160 546 2188 tuus
559 2157 649 2189 iuxta
664 2165 789 2188 crucem

306 2205 391 2237 Prae
421 2204 542 2236 cunctis
568 2205 657 2236 stetit
681 2202 786 2242 fixius,

256 2254 300 2286 Et
334 2255 471 2285 stantem
502 2252 611 2292 culpas
636 2260 786 2292 praecur-

589 2308 703 2341 sorem,

255 2348 315 2388 Qui
342 2348 521 2380 venientem
546 2347 737 2381 salvatorem

303 2395 502 2429 Adclamitat
531 2394 689 2427 obnixius,

852 232 931 265 215.

851 536 933 569 216.

851 887 929 920 217.

851 1191 929 1224 218.

851 1495 928 1528 219.

848 1897 926 1929 220.

847 2251 926 2284 221.

944 233 981 265 Id
1008 234 1094 265 certo
1124 232 1217 265 cedas
1242 235 1276 264 ut
1299 235 1411 266 maiori

945 280 1071 311 Dilecto
1096 288 1163 311 meo
1188 282 1397 320 praecursori,

994 328 1168 365 Corruptae
1195 327 1234 358 de
1260 327 1448 369 visceribus,

947 373 1093 405 Salvator
1118 376 1224 405 noster
1248 376 1284 404 ut
1307 376 1452 412 testatur,

946 420 1034 459 Quod
1060 421 1161 451 maior
1180 420 1284 451 nullus
1301 422 1470 460 generatur

994 467 1061 498 Nee
1085 467 1225 506 pascitur
1245 466 1404 500 uberibus.

945 536 1132 577 Respondet
1147 546 1221 576 pars
1236 538 1468 577 evangelistae:

945 583 1150 623 Nequaquam
1175 593 1276 615 sermo
1301 583 1356 615 fiet
1382 585 1451 627 iste,

993 630 1075 662 Nam
1100 631 1252 670 scriptum
1280 631 1339 662 hoc
1363 631 1468 662 memt-

1271 678 1384 718 nimus,

946 723 1036 761 Quod
1059 725 1142 755 teste
1166 732 1240 764 rege
1262 733 1468 763 supernorum

946 770 981 801 In
1009 770 1135 809 regione
1159 771 1212 810 qui
1237 771 1394 802 caelorum

991 815 1130 849 Videtur
1155 816 1223 849 fore
1247 817 1402 856 minimus,

945 888 995 920 Sit
1018 887 1118 919 maior
1142 890 1195 919 tuo
1220 895 1428 927 praecursore

945 935 1023 966 Tam
1050 934 1203 973 dignitate
1227 943 1319 973 quam
1336 935 1463 977 honore,

992 981 1208 1013 Praecelsiore
1231 981 1334 1022 titulo,

945 1029 990 1061 Ut
1013 1027 1165 1067 providus
1192 1028 1385 1067 evangelista,

944 1075 1124 1107 Matthaeus
1158 1074 1251 1106 simul
1275 1077 1384 1106 narrat
1404 1075 1467 1106 ista

991 1121 1167 1155 Undecimo
1193 1121 1340 1161 capitulo.

942 1192 992 1223 Ac
1016 1191 1118 1223 Lucas
1144 1200 1234 1223 sacer
1258 1192 1291 1222 in
1316 1194 1446 1232 septeno

944 1238 1094 1270 Sermone
1108 1239 1234 1279 quidem
1249 1247 1341 1277 quam
1354 1246 1464 1270 sereno

990 1285 1050 1316 His
1082 1285 1231 1323 perhibet,
1253 1286 1467 1324 praeconium,

944 1331 987 1363 Et
1011 1332 1099 1363 iuxta
1123 1332 1225 1372 legem
1250 1332 1408 1363 seniorum

943 1378 980 1410 In
1011 1386 1065 1409 ore
1090 1379 1185 1410 trium
1211 1379 1261 1411 vel
1288 1379 1421 1410 duorum

990 1425 1060 1457 Stat
1084 1433 1175 1457 omne
1198 1425 1420 1458 testimonium.

948 1495 1147 1535 Quapropter
1179 1494 1305 1535 quidem
1332 1504 1422 1528 carus

1247 1551 1343 1580 meus,

943 1590 1040 1629 Quem
1065 1590 1229 1628 generavit
1252 1589 1433 1622 Zebedaeus

989 1636 1152 1668 Secundus
1178 1636 1257 1668 nulli
1283 1637 1432 1674 creditur,

945 1683 1001 1716 Cui
1009 1685 1129 1723 virgam
1136 1684 1223 1716 Iesse
1229 1684 1467 1727 commendavit,

943 1731 1020 1764 Cum
1041 1731 1142 1762 crucis
1159 1731 1280 1772 virgam
1293 1730 1351 1763 flos
1364 1740 1469 1764 sacra-

1244 1778 1299 1818 vit,

989 1825 1038 1857 De
1057 1825 1147 1865 virga
1165 1826 1217 1865 qui
1235 1826 1407 1865 egreditur.

942 1897 1019 1929 Pars
1056 1896 1160 1935 prima
1193 1897 1239 1928 sic
1272 1897 1467 1935 respondens

1244 1941 1346 1975 fatur:

942 1990 1105 2022 Secundus
1131 1991 1209 2022 nulli
1234 1992 1399 2030 reputatur

989 2039 1182 2070 Praecursor
1203 2037 1264 2069 Dei
1288 2036 1357 2076 filii,

942 2086 1023 2118 Prae
1050 2085 1163 2116 ceteris
1188 2083 1416 2128 magnificatus,

941 2133 991 2164 Ab
1016 2133 1086 2173 ipso
1112 2133 1185 2172 quia
1210 2132 1389 2171 baptizatus

986 2180 1047 2212 Est
1071 2180 1199 2219 angelus
1226 2179 1358 2213 consilii.

941 2252 1118 2291 Propterea
1141 2260 1216 2291 pars
1240 2250 1343 2291 prima
1362 2249 1466 2282 fatur:

940 2299 1012 2339 Dic,
1031 2299 1182 2339 numquid
1203 2299 1296 2339 digne
1311 2306 1465 2329 commen-

1242 2345 1336 2376 datur

986 2393 1164 2432 Praecipua
1187 2392 1350 2424 maioritas
