1655 2573
218 336 253 367 1.

205 982 245 1012 18.

220 1443 252 1474 *KQ

727 133 962 168 —24——-

674 245 714 276 17.
744 244 850 276 Oratio
870 241 1015 283 Septima.

278 333 356 372 Ave,
386 342 522 373 pneuma
545 336 652 364 sancte
676 331 771 368 Dens,

274 380 322 411 Te
344 389 428 411 nunc
450 389 574 420 precor,
597 379 670 411 licet
695 387 777 413 reus,

278 426 370 458 Dona
393 436 499 458 veram
521 427 701 458 libertatem

274 473 319 504 Et
342 472 464 504 felicem
488 473 675 504 ubertatem.

241 581 250 588 .
276 558 353 599 Ave,
382 556 452 588 fons
476 560 511 587 tu
535 556 695 597 bonitatis,

275 605 340 636 Iam
367 604 407 634 da
430 611 534 634 rorem
558 602 685 642 pietatis

278 650 433 689 orphanis
457 653 488 680 et
511 649 680 690 tribulam,

278 697 328 729 Si<
353 701 479 728 curator
503 696 683 729 mlnerafis.

887 332 907 361 3
912 355 919 361 .

946 330 1024 370 Ave,
1051 328 1152 359 duleis
1177 328 1346 359 relevator.

947 375 1024 407 Puri
1049 375 1154 406 cordis
1180 383 1213 405 es
1238 376 1370 405 amator.

944 421 1012 453 Fac
1033 422 1068 453 in
1091 421 1182 453 nobis
1207 424 1296 453 tuum
1318 418 1470 457 templum

944 469 988 500 Et
1009 469 1045 500 in
1069 469 1202 500 caritate
1226 466 1375 505 amplum.

946 553 1026 591 Ave,
1049 561 1174 591 semper
1197 550 1395 592 principalis,

946 599 1083 639 Spiritus
1107 607 1227 630 summe
1251 597 1369 630 vitalis,

945 646 1026 678 Mihi
1053 654 1155 677 comes
1178 646 1223 677 sis
1246 644 1360 680 fidelis.

945 693 1062 724 Tecum
1088 701 1157 724 esse
1182 692 1223 724 da
1245 693 1279 724 in
1305 691 1410 724 caelis.

607 779 740 810 Praesta
764 779 833 818 hoc,
859 781 986 809 aeterne
1010 776 1108 817 Deus,

607 825 656 856 Tu
678 824 892 856 sanctificator
913 831 1011 855 meus.

274 981 357 1011 Haec
376 988 502 1019 sequens
524 980 620 1011 oratio
642 979 681 1009 ad
700 982 838 1010 sanctum
856 979 1002 1019 spirltum
1023 978 1128 1017 potest
1141 977 1200 1008 diei
1215 986 1272 1018 per
1285 984 1329 1012 se,
1351 975 1494 1015 quoniam

572 1034 632 1057 non
653 1025 873 1065 correspondet
892 1025 1107 1065 praescriptis.

241 1142 249 1147 .
274 1116 353 1156 Ave,
378 1118 610 1147 sacrosanctum
633 1113 757 1148 flainen.

275 1160 470 1192 Maestorum
496 1162 587 1192 dulce
609 1161 817 1204 consolamen‚

318 1207 443 1239 Mentoe
466 1211 592 1239 nostras
615 1207 768 1247 illumina,

273 1254 364 1293 Veni,
385 1253 509 1285 infusor
524 1262 634 1286 sacrae
649 1255 818 1294 unctionis,

274 1300 375 1331 Dator
401 1310 541 1332 summae
563 1300 805 1333 benedictionis.

321 1346 372 1378 Da
396 1348 568 1386 gratiarum
591 1346 730 1378 flumina.

277 1439 371 1470 Alme
393 1440 535 1479 spiritus.
559 1448 618 1472 nos
642 1440 787 1472 emunda.

276 1487 314 1517 In
340 1486 506 1517 virtutibus
528 1495 587 1517 nos
610 1484 755 1522 fecunda,

320 1532 365 1564 Ut
389 1532 456 1564 Deo
480 1541 605 1572 semper
627 1532 819 1572 placeamuS,

277 1579 369 1620 Veni,
396 1579 489 1610 dulce
514 1609 520 1615 ,
550 1609 553 1615 ,
583 1606 589 1615 ,
619 1606 622 1609 .
648 1587 773 1611 nomen.

276 1625 361 1657 Orna
380 1634 437 1656 nos
460 1629 506 1659 tm
529 1628 670 1657 sanctum
694 1634 820 1664 numen,

324 1672 368 1703 Ut
390 1672 483 1709 iuste,
508 1677 562 1711 pie
584 1672 776 1704 incedamus.

244 1792 251 1798 .
279 1765 303 1796 O
321 1774 440 1796 numme
455 1766 557 1804 patris
575 1769 606 1797 et
617 1765 684 1796 nati
695 1764 819 1808 flamen,

277 1811 384 1842 Divini
418 1812 534 1843 amoris
557 1815 592 1843 tu
616 1820 650 1842 es
674 1812 819 1852 ligamen,

320 1858 429 1897 Alliga
451 1867 508 1890 nos
533 1859 696 1899 altissimo,

276 1905 355 1945 Ave,
373 1908 502 1936 sanctae
518 1906 601 1937 vitae
616 1906 819 1946 spiraculum,

276 1951 344 1982 Fac
367 1961 425 1983 nos
449 1955 536 1983 tuum
559 1952 772 1984 habitaculum

325 1999 362 2030 In
391 1999 477 2030 cultu
500 1999 708 2032 sanctissimo.

280 2091 385 2123 Corda
407 2097 515 2124 nostra
539 2096 592 2124 tuo
616 2102 691 2125 rore

277 2138 326 2168 Tu
350 2147 492 2179 asperge,
519 2141 604 2182 quod
630 2149 670 2171 ex
694 2149 749 2172 ore

328 2185 374 2216 Te
397 2185 562 2217 laudemus
586 2186 712 2225 iugiter,

889 1304 920 1334 5.

892 1630 922 1661 6.

891 1957 921 1987 7.

943 1113 1012 1144 Fac
1034 1122 1092 1145 nos
1116 1113 1184 1145 Deo
1208 1112 1354 1151 iubilare,

946 1160 1060 1191 Grates
1081 1169 1207 1200 semper
1231 1168 1380 1191 enarrare

992 1208 1053 1239 Pro
1077 1206 1170 1238 bonis
1196 1208 1279 1238 datis
1304 1206 1452 1240 dulciter.

945 1301 1036 1339 Auge
1059 1300 1152 1331 nobis
1176 1301 1353 1336 caritatem,

944 1346 1069 1387 Fidem,
1094 1356 1185 1386 spem
1209 1350 1244 1378 et
1263 1347 1415 1388 pietatem

993 1394 1056 1425 Per
1077 1396 1164 1426 tuam
1191 1394 1399 1426 clementiam.

946 1440 1046 1471 Tuam
1071 1440 1150 1471 doce
1172 1440 1356 1478 bonitatem,

946 1486 1037 1526 Fuga
1060 1495 1183 1518 omnem
1206 1487 1409 1526 pravitatem.

993 1534 1086 1564 Dona
1109 1534 1309 1573 sapientiam.

947 1627 1038 1669 Veni,
1066 1629 1102 1657 tu
1124 1626 1312 1669 purificator

946 1674 1082 1705 Animae
1106 1677 1138 1704 et
1159 1675 1348 1714 consolator,

993 1720 1046 1751 Da
1068 1721 1248 1753 unctionem
1273 1721 1432 1755 cordibus

948 1767 1038 1807 Veni,
1063 1770 1100 1799 tu
1119 1768 1326 1807 illuminator,

946 1813 1135 1847 Divinorum
1157 1816 1326 1856 revelator,

993 1862 1144 1893 Accende
1169 1871 1223 1894 cor
1247 1862 1449 1898 caelestibus,

948 1954 1039 1994 Veni,
1064 1958 1099 1986 tu
1122 1954 1228 1987 fidelis
1252 1959 1347 1999 tutor,

949 2001 1044 2033 Nunc
1067 2006 1099 2033 et
1122 2012 1247 2042 semper
1270 2003 1315 2036 sis
1340 2004 1469 2036 adiutor

996 2049 1035 2080 Iu
1059 2050 1144 2081 omni
1167 2059 1265 2091 opere
1287 2050 1382 2092 bono,

950 2096 1000 2126 Tu
1020 2095 1183 2127 nobiscum
1207 2099 1252 2129 sis
1275 2099 1432 2137 inceptor,

946 2142 1050 2175 &enti
1073 2147 1202 2175 nestrae
1223 2145 1268 2175 sis
1293 2150 1484 2186 praeceptor

997 2188 1075 2220 Cum
1098 2192 1153 2221 tuo
1178 2189 1268 2223 felici.
1291 2191 1384 2226 douo.

613 2278 665 2309 Da
688 2288 767 2318 opus
789 2280 905 2312 bonum
927 2281 1088 2323 inchoare,

614 2325 773 2357 fideliter
795 2328 979 2363 continuare

659 2373 714 2405 Ad
741 2373 867 2408 deitatis
891 2375 1034 2416 gloriam.
