1655 2573
770 133 1003 171 „32-

606 230 655 262 45.
687 228 791 262 Oratio
814 227 948 260 secunda
969 225 1008 257 ad
1028 224 1165 257 eundem.

283 326 289 333 .
315 301 413 338 Ave,
438 300 564 340 Ioseph,
590 301 639 332 vir
663 297 831 339 perfectus,
926 298 956 329 3.
983 294 1143 334 Gaude,
1169 292 1298 331 Ioseph,
1323 291 1365 322 de
1384 289 1513 328 honore,

314 348 428 386 IustuS,
453 350 577 379 sanctus
602 350 696 387 atque
720 347 833 384 rectus,

313 394 409 434 Deus,
435 394 486 433 qui
512 397 618 425 creata
641 394 731 434 regit,

315 441 361 473 Te
384 441 423 472 ab
449 449 525 472 aevo
550 440 729 479 praeelegit.

281 522 287 528 .
316 497 454 535 Salve,
479 496 604 535 Ioseph,
630 496 679 527 vir
695 494 856 535 probatus,

315 544 390 575 Flos
414 543 564 573 virtutum
589 542 778 581 nominatus,

314 589 368 621 Me
391 589 509 621 virtute
532 588 584 620 fac
604 589 736 629 pollere,

312 638 341 667 A
366 636 504 675 peccatis
530 638 562 666 et
584 638 682 668 tuere.

985 341 1074 379 Quod
1097 338 1222 372 Mariae
1247 346 1317 369 cum
1342 343 1449 368 amore

984 387 1150 420 Servivisti
1173 385 1205 416 in
1230 385 1291 416 hac
1315 384 1391 423 vita,

984 435 1061 474 Fac,
1086 436 1121 464 ut
1145 432 1231 463 mala
1251 431 1316 462 sint
1339 430 1450 462 oblita.

952 517 958 524 .
985 491 1105 529 Vale,
1138 489 1231 520 heres
1256 493 1464 525 supernorum

984 538 1095 577 Tuque
1117 536 1268 577 princeps
1286 541 1318 563 es
1334 532 1530 569 thronorum,

985 584 1128 616 Gratiam
1155 581 1195 614 da
1219 580 1279 612 hac
1302 580 1336 611 in
1359 579 1420 621 via,

985 631 1127 663 Gloriam
1153 629 1194 661 da
1219 636 1288 659 eum
1313 625 1430 658 Maria.

647 692 672 724 O
699 692 830 728 creator,
856 697 966 728 preces
992 687 1067 719 audi

648 738 693 770 Et
713 745 773 777 per
795 745 866 767 eum
889 744 947 767 nos
972 734 1097 767 exaudi.

655 836 702 867 46.
733 833 838 866 Oratio
860 833 900 864 ad
921 841 944 864 s.
965 832 1109 864 Ioachim.

280 922 286 929 .
313 899 418 935 Ave,
445 900 553 929 sancte
577 894 757 936 patriarcha

311 944 460 985 Ioachim,
488 944 527 975 de
551 952 611 982 quo
637 946 685 974 est
707 941 812 979 archa,

312 991 405 1023 Unde
427 994 518 1021 natus
545 990 728 1030 caeliareha,

313 1037 405 1069 Orbis
429 1040 532 1068 rector
557 1038 589 1067 et
611 1035 789 1068 monarcha.

282 1117 289 1124 .
316 1092 455 1131 Salve,
482 1095 567 1123 tutor
592 1100 767 1132 egenorum,
826 1099 829 1102 ·

312 1139 399 1171 Pelle
423 1138 536 1169 nubem
561 1139 717 1178 vitiorum,

311 1185 362 1216 Da
384 1185 519 1216 virorem
543 1185 716 1216 animorum

313 1232 504 1271 Veniamque
528 1234 736 1272 peccatorum.

926 895 957 926 3.
986 893 1147 934 Gaude,
1175 892 1268 929 pater
1291 892 1327 921 tu
1351 889 1485 931 Mariae,

983 940 1030 971 Te
1053 940 1210 971 honorant
1232 937 1410 968 ierarchiae

984 986 1074 1018 Novo
1099 988 1194 1017 cantu
1216 984 1382 1026 melodiae,

981 1034 1070 1073 Roga
1092 1033 1194 1064 Deum
1222 1031 1309 1063 omni
1335 1030 1395 1063 die.

924 1093 955 1123 4.
984 1090 1103 1129 Vale,
1129 1090 1211 1121 iuste
1235 1090 1270 1118 tu
1294 1090 1442 1127 patrone,

982 1137 1073 1169 Assis
1099 1136 1189 1167 nobis
1214 1135 1246 1165 in
1272 1143 1382 1175 agone,

981 1184 1027 1216 Et,
1052 1183 1103 1222 da,
1128 1183 1211 1223 Iesu,
1237 1184 1348 1221 pastor
1371 1181 1466 1220 bone,

984 1231 1062 1262 Eius
1086 1237 1183 1269 prece
1207 1237 1295 1270 spem
1321 1237 1464 1262 coronae.

608 1331 654 1360 47.
686 1329 791 1361 oratio
812 1329 946 1360 secunda
966 1330 1006 1361 ad
1026 1329 1164 1360 eundem.

282 1417 288 1423 .
315 1391 419 1431 Ave,
444 1390 568 1421 Mariae
592 1390 722 1432 genitor,

315 1437 506 1468 cunctarum
530 1444 635 1466 rerum
660 1435 801 1476 cognitor

317 1482 368 1513 Ab
391 1484 518 1513 aeterno
542 1485 575 1513 te
598 1483 724 1522 amavit,

318 1528 447 1560 Gratiae
469 1529 590 1567 prolem
617 1529 753 1560 donarit.

283 1610 289 1616 .
317 1584 457 1622 Salve,
483 1587 576 1624 pater
596 1585 776 1617 venerande

317 1631 390 1663 Toti
413 1631 528 1662 mundo
553 1634 585 1662 et
605 1632 748 1670 amande,

319 1678 419 1710 Posce
443 1678 563 1716 prolem
589 1686 657 1709 cum
681 1686 790 1719 uxore,

318 1725 364 1757 Ut
388 1725 527 1756 vivamus
554 1733 622 1755 cum
642 1725 769 1756 honore.

929 1391 959 1423 3.
988 1389 1147 1427 Gaude,
1173 1388 1256 1418 iuste
1278 1390 1389 1419 tenens
1407 1390 1534 1426 statum,

985 1436 1053 1467 Fae
1086 1438 1118 1467 et
1140 1436 1283 1466 nostrum
1307 1434 1376 1465 Deo
1400 1437 1535 1475 gratum,

987 1482 1084 1520 Quem
1109 1482 1259 1513 ducamus
1282 1480 1317 1511 in
1338 1481 1465 1523 virtute,

987 1529 1078 1560 Assis
1104 1527 1195 1560 nobis
1220 1536 1346 1567 semper
1369 1530 1446 1561 tute.

954 1610 960 1616 .
988 1585 1109 1624 Vale,
1135 1586 1246 1625 potens
1271 1592 1356 1614 nuno
1378 1584 1412 1615 in
1438 1585 1534 1627 caelo,

990 1631 1110 1663 Christi
1132 1631 1254 1663 vultum
1278 1630 1347 1662 sine
1370 1631 1441 1663 velo

986 1678 1037 1710 Da
1059 1680 1134 1717 post
1157 1680 1288 1709 mortem
1315 1678 1475 1717 speculari

986 1725 1029 1756 Et
1053 1725 1083 1756 in
1112 1733 1222 1756 aevum
1247 1725 1411 1764 gratulari.

655 1782 679 1813 Ο
706 1783 837 1822 creator,
864 1789 974 1820 preces
1000 1781 1075 1813 audi

652 1828 696 1859 Et,
719 1835 777 1868 per
802 1836 869 1858 eum
895 1837 951 1859 nos
977 1829 1102 1860 exaudi.

325 1891 349 1925 1,
370 1891 388 1919 2
407 1901 559 1928 rerumque
578 1893 718 1928 cognitor.
738 1906 776 1910 —
797 1891 822 1925 1,
842 1891 862 1919 4
880 1893 990 1928 prolem
1010 1901 1075 1920 cum
1094 1892 1221 1921 donavit.

367 1983 415 2013 48.
445 1982 490 2013 Ad
509 1983 648 2013 sanctam
669 1984 795 2021 Annam,
816 1984 947 2014 matrem
966 1983 1076 2015 matris
1097 1984 1279 2024 salvatoris,
1301 1985 1412 2017 oratio.

287 2069 293 2075 .
319 2044 423 2082 Ave,
448 2046 549 2074 mater
570 2046 679 2075 saneta
699 2045 802 2082 Anna,

319 2089 422 2129 Magis
445 2090 580 2128 pulchra
603 2099 696 2129 quam
709 2091 862 2130 Susanna,

319 2136 429 2167 Proles
454 2139 506 2167 tua
533 2137 620 2168 velut
644 2145 744 2168 canna

320 2182 421 2214 Nobis
446 2183 535 2214 dedit
560 2183 638 2214 caeli
659 2192 782 2215 manna.

287 2266 294 2272 .
321 2239 463 2278 Salve,
490 2239 582 2271 radix
605 2242 732 2271 nostrae
756 2240 833 2278 spei,

320 2286 370 2318 De
394 2295 455 2325 qua
478 2288 549 2317 orta
570 2289 672 2318 mater
697 2286 766 2328 Dei,

321 2334 383 2365 Per
407 2342 499 2373 quam
524 2333 605 2364 salvi
627 2332 707 2365 fiunt
731 2333 788 2375 rei,

321 2381 370 2414 Sis
396 2389 466 2414 eum
490 2381 579 2421 prole
603 2389 722 2412 memor
745 2381 818 2414 mei.

931 2045 962 2076 3.
990 2044 1149 2084 Gaude,
1179 2045 1287 2076 nutrix
1312 2046 1539 2087 orphanorum,

991 2092 1088 2123 Plana
1109 2100 1217 2132 regem
1240 2093 1437 2133 angelorum,

992 2139 1038 2171 Ut
1061 2148 1081 2169 a
1105 2138 1195 2170 faece
1219 2142 1423 2178 peccatorum

991 2186 1098 2218 Corda
1120 2186 1207 2217 lavet
1230 2186 1427 2219 miserorum.

959 2266 966 2272 .
994 2241 1112 2282 Vale,
1138 2244 1242 2282 Anna,
1270 2251 1340 2274 cum
1364 2244 1494 2286 honore,

994 2288 1055 2319 Dei
1079 2289 1220 2328 gaudens
1242 2290 1277 2321 in
1301 2291 1483 2335 splendore,

993 2334 1045 2367 Da
1069 2335 1179 2367 videre
1202 2336 1235 2367 in
1260 2337 1374 2369 decore

995 2382 1083 2415 Caeli
1107 2392 1213 2424 regem
1239 2393 1308 2415 cum
1333 2384 1453 2420 favore.
