1655 2573
257 274 334 307 119.

258 599 334 631 120.

260 971 339 1002 121.

257 1390 335 1422 122.

261 1808 338 1840 123.

264 2180 341 2212 124.

757 168 1006 204 —214—

360 273 404 306 Et
427 272 644 309 instrumenta,
674 267 786 306 quibus
810 265 855 295 uti

362 319 513 352 Nitantur
536 319 653 356 partes,
679 317 715 345 ut
737 311 832 344 astuti

407 366 474 397 Has
499 363 643 396 advocati
670 360 816 392 duxerint

363 410 562 445 Erudiondas
586 407 737 446 studiose,

359 458 407 491 Ne
431 458 565 495 doleant,
590 453 783 486 incautelose

406 504 540 535 Sinistra
564 502 592 532 si
614 498 831 540 produxerint.

361 596 503 635 Utraque
511 603 595 635 pars,
605 596 639 624 ut
647 594 740 625 ducat
746 595 853 628 testes,

358 643 440 681 Quos
464 641 566 674 sordis
591 640 698 671 nullae
722 639 855 678 gravant

631 687 737 726 pestes

407 736 513 767 Fideli
536 736 641 766 mente
665 732 832 770 ruminant,

362 783 406 816 Et
417 783 474 814 hos
486 785 522 813 ut
536 781 654 820 dignos,
674 779 855 816 eminenteS,

361 830 509 867 Vei-aces,
534 826 626 866 fidos,
645 826 856 865 competentes

409 877 448 908 In
470 874 548 906 iuris
565 873 667 905 forma
683 873 855 903 nominant.

569 967 717 1004 Marcus,
753 965 856 996 Lucas

636 1014 743 1048 testes,

361 1061 550 1103 Matthaeus,
575 1059 679 1100 angeli
696 1059 856 1097 caelestes,

409 1109 470 1140 Pro
511 1107 619 1148 quavis
656 1108 748 1146 parte
783 1113 857 1144 pro-

636 1152 750 1191 ferant,

359 1201 447 1242 Quod
461 1200 530 1232 fore
539 1202 673 1231 noscunt
680 1198 856 1239 aequitatis,

362 1248 515 1287 Iustitiae,
541 1248 625 1286 quod
650 1245 802 1287 veritatis,

408 1294 515 1326 Fideli
540 1293 637 1326 verbo
660 1291 819 1330 referant3

364 968 509 1001 Salvator
519 990 528 1007 ,

363 1389 413 1421 Ac
437 1388 574 1418 eminens
601 1386 802 1428 evangelista,

362 1434 520 1467 Iohannes
558 1432 674 1464 Christi
712 1432 858 1471 sympho-

635 1480 728 1518 nista,

411 1526 486 1559 Cum
503 1526 593 1558 testis
610 1526 652 1557 sit
666 1533 726 1557 non
742 1525 858 1563 variuS,

362 1576 401 1607 ln
421 1574 480 1604 lite
503 1581 635 1605 narrans
661 1571 753 1603 simul
776 1572 837 1603 ista

363 1620 441 1653 Tam
457 1629 516 1659 pro
533 1628 567 1650 se
580 1619 664 1651 ferat
676 1627 768 1657 quam
781 1618 859 1656 bap-

637 1666 712 1697 tista

409 1713 578 1745 Testamen
601 1713 672 1743 luce
697 1711 832 1749 clarius,

364 1806 405 1839 Et
419 1815 547 1847 magnus
561 1806 688 1844 Paulus,
705 1805 768 1836 dux
780 1806 858 1837 Tar-

637 1851 748 1894 sensis,

367 1899 520 1932 Eusebius
547 1899 773 1941 Caesareensis,

409 1946 607 1988 AmbrosiuS,
632 1946 784 1986 Isidorus,

368 1994 447 2027 Cum
470 1994 623 2025 Anacleto
647 2002 732 2033 papa
753 1992 863 2031 Linus,

368 2040 538 2080 Gregorius
564 2043 597 2071 et,
618 2040 823 2080 Augustinus,

413 2087 489 2120 Cum
515 2087 604 2119 Beda
630 2087 846 2126 Cassiodorus,

367 2180 576 2219 Hieronymus
604 2189 672 2211 cum
695 2181 867 2212 Innocente

368 2228 417 2257 Ac
441 2227 591 2265 Origenes
617 2235 685 2257 cum
704 2226 866 2258 Clemente

414 2272 459 2303 Et
482 2273 666 2304 Alexander
689 2273 803 2304 tertius

369 2318 413 2351 Et
427 2319 630 2358 Symmachus
645 2327 713 2350 cuni
723 2319 866 2351 Adriano

371 2365 559 2406 Gelasioque
581 2375 641 2397 non
667 2364 800 2405 profano

417 2413 584 2444 Testamen
611 2413 685 2444 dent
709 2413 866 2452 apertius3

926 262 1004 295 125.
1031 258 1173 291 Hilarius
1199 265 1268 288 cum
1295 255 1491 291 Comestore‚

1032 306 1273 345 chrysostomus
1308 311 1376 334 cum
1410 300 1530 340 glossa-

1306 353 1385 389 tore,

1055 398 1208 438 Galixtus,
1232 397 1437 430 Eleutherius

1028 447 1071 478 Et
1087 445 1259 478 Rhabanus
1278 452 1347 475 cum
1366 443 1530 481 Gratiano,

1028 493 1144 533 Papias
1169 501 1239 523 cum
1263 491 1439 523 Iustiniano

1075 541 1244 572 Testamen
1256 538 1399 578 pandant
1408 537 1513 568 verius
1521 548 1530 576 ·,

924 626 1003 659 126.
1028 624 1249 663 Ecclesiastes,
1276 623 1386 663 Isaias,

1031 671 1180 703 Ezechiel
1204 675 1236 702 et
1259 670 1419 711 Ieremias,

1079 718 1194 757 David,
1220 716 1475 756 Ecclesiasticus,

1033 766 1110 799 Cum
1122 765 1257 804 Iosepho
1277 764 1341 795 dux
1356 763 1531 803 legislator,

1033 813 1185 844 vetustae
1209 811 1287 851 legis
1311 813 1515 851 propagator,

1079 859 1127 891 Sit
1132 859 1223 890 testis
1229 866 1291 890 non
1297 857 1515 897 phantasticus
1525 867 1533 896 3

928 944 1006 977 127.
1032 944 1082 976 Ac
1104 942 1263 975 Iuvenalis
1290 950 1360 973 cum
1388 941 1516 981 Catone,

1035 990 1099 1022 Sed
1125 992 1157 1021 et
1180 998 1273 1029 quam
1297 989 1406 1028 plures
1433 986 1537 1021 famae

1310 1036 1421 1075 bonae,

1081 1084 1170 1122 Quod
1194 1092 1303 1115 verum
1328 1082 1447 1125 sciant,
1485 1090 1533 1113 re-

1309 1128 1425 1166 ferant,

1031 1177 1162 1209 Verbali
1187 1176 1252 1209 fide
1276 1176 1427 1213 seriatim,

1037 1224 1181 1255 Vicissim
1206 1228 1291 1263 tunc,
1317 1231 1401 1254 nunc
1425 1231 1532 1261 separ-

1312 1270 1391 1300 atim

1082 1316 1286 1350 Examinanti
1307 1315 1482 1356 proferant.

931 1404 947 1435 1
955 1403 1008 1435 28.
1036 1400 1180 1433 Praefati
1195 1404 1293 1432 testes
1303 1401 1378 1440 quid
1388 1402 1534 1440 praeten-

1034 1496 1084 1526 Ac
1096 1495 1305 1526 instrumenta
1315 1447 1536 1533 (clffig'porten-

1082 1587 1301 1619 Tabenionum
1315 1540 1468 1618 {nagss’ibus

1035 1634 1186 1666 Notatum
1195 1633 1322 1673 quidem
1332 1633 1391 1665 hoc
1402 1637 1535 1672 apparet

1034 1681 1078 1712 Et
1087 1680 1282 1721 publicatum
1292 1680 1426 1719 pulchre
1437 1680 1535 1713 claret

1083 1727 1237 1768 Utrisque
1259 1727 1293 1759 in
1318 1726 1524 1767 marginibus,

932 1814 1010 1846 129.
1034 1813 1114 1845 Pars
1138 1812 1242 1851 prima
1266 1811 1312 1842 sic
1332 1811 1535 1851 excipiendo:

1036 1859 1179 1891 Dilectus
1187 1867 1286 1897 mem,
1297 1867 1388 1898 quem
1401 1857 1539 1891 defendo

1087 1906 1164 1939 Cum
1177 1907 1273 1937 armis
1284 1915 1347 1937 non
1361 1905 1540 1945 fragilibus,

1037 1954 1097 1986 Est
1121 1953 1306 1985 adulescens
1331 1954 1464 1984 multum
1489 1961 1538 1984 re-

1314 2008 1389 2032 cens

1038 2047 1084 2079 Et.
1096 2047 1138 2080 ad
1151 2048 1318 2079 amandum
1332 2047 1413 2079 mire
1426 2047 1541 2078 decens

1085 2094 1149 2128 Sub
1175 2095 1265 2126 annis
1289 2093 1490 2135 iuvenilibus,

937 2180 1014 2213 130.
1042 2180 1178 2211 Ornatus
1201 2178 1351 2219 puritatis
1370 2178 1460 2220 flore,

1038 2225 1151 2257 Amori
1172 2227 1255 2257 sacri
1278 2226 1392 2264 plenus
1417 2235 1499 2267 rore,

1089 2272 1281 2304 concertans
1295 2281 1390 2311 quam
1403 2273 1540 2318 agiliter,

1039 2318 1084 2351 Ut
1093 2318 1181 2358 prior
1188 2318 1307 2350 Christi
1316 2319 1380 2351 dux
1391 2320 1540 2365 cohortis,

1042 2363 1211 2399 Vexillifer
1235 2370 1267 2398 et
1291 2366 1381 2398 miles
1407 2366 1502 2399 fortis

1090 2413 1286 2452 Aggreditur
1312 2414 1455 2447 viriliter.
