1655 2573
742 131 997 167 -162-

906 225 1013 257 Solum
1035 223 1082 255 ibi
1106 224 1180 255 sunt
1203 230 1334 254 amoena

905 272 956 304 Ab
982 274 1110 302 aeterno
1135 271 1328 308 praeparata

908 318 1040 361 Sanctis,
1067 324 1147 356 quae
1172 320 1203 348 et
1225 316 1326 356 nobiS,
1353 317 1445 356 grata

908 365 1048 405 Impetra
1072 373 1089 395 o
1114 362 1307 404 Margareta,

909 412 1027 444 Videre
1052 410 1112 441 Dei
1137 412 1268 443 secreta.

235 232 286 266 lbi
311 235 414 264 tecum
438 230 569 263 laudent
593 238 715 270 agnum,

232 281 337 313 Iesum
363 278 531 316 Christum,
557 284 661 316 regem
680 283 836 315 magnum,

237 326 330 359 Cuius
355 326 445 357 vultu
465 324 654 355 iucundatur

235 374 349 405 Totum
374 371 494 403 caelum
519 372 553 401 et
574 371 720 402 laetatur.

234 419 284 452 Ibi
311 420 400 451 deest
424 417 523 448 omnis
548 424 659 455 poena,

309 492 387 520 Orat.
403 499 457 518 ms.
479 490 661 518 Carthusian.
682 497 756 517 saec.
779 486 823 516 15,
864 487 934 515 Cod.
956 485 1049 520 Capit.
1069 485 1216 513 Treviren.
1241 481 1303 512 116.

616 644 682 676 306.
717 644 760 675 De
779 652 802 674 s.
823 643 922 674 Maria
941 641 1143 682 Aegyptiace..

247 735 278 767 1.
306 733 425 771 Gaude,
451 733 556 764 Maria
579 732 787 772 Aegyptiaca,
916 732 946 763 5.
973 729 1092 769 Gaude,
1119 733 1153 761 tu
1179 730 1296 760 clarum
1321 729 1493 767 speculum,

304 781 401 819 Quam
425 779 632 819 perlustravit
651 778 711 810 Dei
735 778 846 818 gratia,

303 826 348 859 Ut
373 826 530 858 Christum
553 828 626 865 post
648 825 831 864 peccamina

307 872 468 911 Quaesivit
491 874 596 904 mente
619 871 735 903 lucida.

271 964 278 971 .
306 936 426 975 Gaude,
453 937 525 976 quia
548 936 691 967 meruisti

304 984 395 1015 Viam
419 984 507 1022 sequi
530 983 603 1014 Iesu
629 983 758 1021 Christi,

306 1030 390 1068 Quae
413 1030 575 1070 peccatrix
601 1029 760 1070 exstitisti,

306 1077 383 1108 Post
406 1080 538 1115 peccata
561 1075 738 1109 surrexisti.

272 1166 280 1175 .
306 1141 427 1180 Gaude,
452 1144 554 1172 mater
577 1141 737 1184 gaudiosa,

308 1187 389 1219 Nam
417 1188 456 1219 de
481 1187 580 1227 spinis
605 1185 696 1218 floret
721 1196 803 1227 rosa,

306 1234 370 1265 Per
393 1233 544 1266 foetorem
570 1233 688 1273 odiosa,

309 1280 371 1313 Sed
393 1281 546 1312 mundata
568 1289 651 1312 nunc
673 1279 820 1312 formosa.

275 1372 282 1379 .
311 1345 422 1377 Gaude
446 1354 539 1385 nunc,
566 1355 583 1377 o
607 1346 695 1377 clara
718 1346 819 1385 stella,

308 1392 413 1423 Huius
435 1393 533 1424 maris
558 1401 650 1431 quam
675 1392 814 1432 procella

311 1436 499 1470 Obfuscavit
522 1448 582 1478 per
606 1438 691 1477 vitia,

312 1484 405 1516 Nunc
428 1493 487 1525 per
512 1488 623 1517 cuncta
642 1485 726 1516 lucet
742 1485 856 1517 saecla.

975 777 1168 816 Angelorum
1193 779 1228 807 tn
1250 775 1397 815 gaudium

976 824 1018 856 Et
1042 823 1178 855 omnium
1204 821 1375 853 errantium

977 869 1143 909 specimen
1169 871 1201 900 et
1224 868 1384 900 solacium.

943 960 949 966 .
979 934 1099 973 Gaude,
1124 933 1209 965 salus
1233 933 1429 970 miserorum,

978 980 1181 1013 Sublevatrix
1206 982 1415 1018 aegrotorum,

977 1029 1015 1061 In
1039 1031 1072 1059 te
1097 1029 1202 1059 coetus
1227 1026 1407 1066 angelorum

978 1073 1114 1114 Gaudet,
1125 1073 1278 1116 Christus,
1289 1081 1344 1105 rex
1357 1072 1527 1106 caelorum.

945 1165 953 1172 .
980 1138 1101 1177 Gaude,
1126 1147 1211 1170 nunc
1235 1139 1269 1169 tu
1292 1137 1325 1169 in
1350 1137 1452 1177 gloria

978 1186 1088 1228 Beata,
1117 1185 1242 1227 munda,
1270 1183 1404 1224 fulgida,

978 1232 1093 1265 Funde
1114 1235 1171 1263 tua
1193 1231 1377 1271 precamina

980 1280 1042 1312 Pro
1067 1279 1169 1320 nobis,
1196 1281 1297 1309 mater
1320 1277 1440 1309 inclita.

925 1346 956 1378 8.
981 1345 1032 1377 Da
1055 1353 1139 1376 nunc
1162 1345 1294 1383 peccata
1318 1343 1479 1382 plangere,

982 1391 1149 1425 Immunda
1173 1399 1331 1429 nunquam
1355 1393 1496 1428 tangere,

984 1438 1031 1470 Ut
1054 1441 1130 1469 tunc
1153 1437 1308 1476 possimus
1332 1443 1473 1476 pangere

985 1485 1128 1517 Laudem
1155 1483 1258 1515 datori
1283 1483 1411 1523 gloriae.

321 1557 400 1585 Orat.
421 1565 472 1585 ms.
494 1557 699 1585 Carthusiense
725 1565 799 1585 saec.
822 1555 865 1585 15.
899 1558 968 1585 cod.
990 1556 1084 1593 Capit.
1104 1558 1251 1584 Treviren.
1274 1554 1336 1584 116.
1358 1570 1393 1575 —-
1416 1554 1442 1589 5,
1464 1553 1481 1581 2
1501 1557 1534 1583 tu

246 1594 326 1623 fehlt.
345 1608 381 1614 -κ
400 1594 426 1629 7,
447 1592 465 1621 3
484 1597 516 1622 tu
534 1596 708 1630 precamina.

583 1751 648 1783 307.
679 1751 721 1782 De
741 1753 849 1783 sancta
868 1751 969 1783 Maria
989 1750 1186 1792 Magdalena.

253 1840 284 1874 1.
310 1840 335 1872 Ο
359 1839 465 1872 Maria
488 1840 689 1880 Magdalena,

310 1887 371 1919 Via
394 1890 515 1930 patens,
541 1887 596 1918 lux
620 1895 731 1918 serena

356 1932 441 1966 Data
456 1933 686 1972 peccatoribus,

311 1980 408 2019 Quam
433 1983 598 2019 sequentes
622 1981 797 2012 liberantur

309 2027 509 2059 Paenitentes
535 2030 567 2058 et
589 2030 764 2068 purgantur

357 2074 514 2106 Vitiorum
536 2073 694 2106 sordibus.

254 2141 285 2173 2.
312 2139 360 2170 Tu
385 2147 417 2169 es
444 2140 536 2171 stella
561 2139 696 2179 radiosa,

310 2184 374 2216 Diu
396 2188 503 2216 tamen
526 2185 677 2217 nebulosa

359 2231 506 2265 Obducta
529 2232 672 2272 caligine,

313 2278 359 2310 Et
381 2279 543 2319 peccatrix
568 2279 737 2322 appellata,

316 2325 419 2365 Supra
443 2326 568 2358 modum
596 2325 780 2364 deformata,

357 2374 456 2406 Facta
480 2373 654 2406 membrum
679 2373 823 2408 Satanae.

924 1842 957 1874 3.
983 1841 1048 1873 Sed
1072 1848 1141 1871 cum
1166 1840 1265 1871 solem
1289 1839 1451 1882 aspexisti,

984 1887 1105 1919 Lumen
1131 1887 1250 1919 clarum
1275 1887 1466 1929 resumpisti,

1032 1934 1192 1966 Conversa
1216 1942 1249 1965 es
1275 1934 1438 1976 sincerius,

981 1981 1116 2014 Fontem
1141 1981 1246 2013 vivum
1272 1981 1443 2022 accessisti,

986 2027 1103 2068 Culpas
1127 2028 1172 2059 ibi
1197 2027 1359 2059 detersisti

1029 2075 1212 2107 Lacrimata
1235 2074 1371 2113 plenius.

925 2142 957 2174 4.
984 2141 1177 2173 Revocatum
1203 2142 1251 2171 est
1276 2139 1424 2181 edictum,

983 2187 1045 2219 Est
1069 2186 1256 2218 translatum
1278 2190 1309 2217 et
1336 2186 1486 2218 delictum

1033 2234 1072 2265 In
1096 2242 1186 2272 spem
1210 2233 1471 2273 delinquentium,

987 2280 1109 2312 Nomen
1135 2283 1222 2312 tuum
1246 2280 1453 2312 interdictum

989 2327 1068 2360 Stilo
1095 2326 1173 2359 forti
1198 2330 1246 2360 est
1269 2328 1460 2368 rescriptum

1050 2374 1089 2407 In
1113 2374 1195 2407 libro
1220 2375 1401 2409 viventium.
