<?xml version="1.0" encoding="UTF-8"?>
<!DOCTYPE html PUBLIC "-//W3C//DTD XHTML 1.0 Transitional//EN"
    "http://www.w3.org/TR/xhtml1/DTD/xhtml1-transitional.dtd">
<html xmlns="http://www.w3.org/1999/xhtml" xml:lang="en" lang="en">
 <head>
  <title>
</title>
<meta http-equiv="Content-Type" content="text/html;charset=utf-8" />
  <meta name='ocr-system' content='tesseract 3.04.00' />
  <meta name='ocr-capabilities' content='ocr_page ocr_carea ocr_par ocr_line ocrx_word'/>
</head>
<body>
  <div class='ocr_page' id='page_1' title='image "./analectahymnica29drevuoft_00039.png"; bbox 0 0 1655 2573; ppageno 0'>
   <div class='ocr_carea' id='block_1_1' title="bbox 588 249 1147 339">
    <p class='ocr_par' dir='ltr' id='par_1_1' title="bbox 588 249 1147 339">
     <span class='ocr_line' id='line_1_1' title="bbox 588 249 1147 284; baseline -0.011 -1"><span class='ocrx_word' id='word_1_1' title='bbox 588 252 627 284; x_wconf 82' lang='lat'><strong>61.</strong></span> <span class='ocrx_word' id='word_1_2' title='bbox 656 251 702 283; x_wconf 74' lang='lat' dir='ltr'><strong>Ad</strong></span> <span class='ocrx_word' id='word_1_3' title='bbox 720 251 861 283; x_wconf 77' lang='lat' dir='ltr'><strong>sanctum</strong></span> <span class='ocrx_word' id='word_1_4' title='bbox 881 249 1147 282; x_wconf 75' lang='lat' dir='ltr'><strong>Bartholomaeum</strong></span> 
     </span>
     <span class='ocr_line' id='line_1_2' title="bbox 716 297 1018 339; baseline -0.01 -9"><span class='ocrx_word' id='word_1_5' title='bbox 716 298 888 339; x_wconf 76' lang='lat' dir='ltr'><strong>apostolum</strong></span> <span class='ocrx_word' id='word_1_6' title='bbox 908 297 1018 328; x_wconf 82' lang='lat' dir='ltr'><strong>oratio.</strong></span> 
     </span>
    </p>
   </div>
   <div class='ocr_carea' id='block_1_2' title="bbox 234 378 1511 762">
    <p class='ocr_par' dir='ltr' id='par_1_2' title="bbox 259 378 1491 563">
     <span class='ocr_line' id='line_1_3' title="bbox 259 378 1491 433; baseline -0.011 -13"><span class='ocrx_word' id='word_1_7' title='bbox 259 414 266 420; x_wconf 96' lang='lat'>.</span> <span class='ocrx_word' id='word_1_8' title='bbox 292 387 395 426; x_wconf 85' lang='lat' dir='ltr'><strong>Ave,</strong></span> <span class='ocrx_word' id='word_1_9' title='bbox 420 390 529 419; x_wconf 87' lang='lat' dir='ltr'><strong>sancte</strong></span> <span class='ocrx_word' id='word_1_10' title='bbox 554 387 807 425; x_wconf 85' lang='lat' dir='ltr'><strong>Bartholomaee,</strong></span> <span class='ocrx_word' id='word_1_11' title='bbox 909 387 939 418; x_wconf 82' lang='lat'><strong>3.</strong></span> <span class='ocrx_word' id='word_1_12' title='bbox 967 383 1127 423; x_wconf 80' lang='lat' dir='ltr'>Gaude,</span> <span class='ocrx_word' id='word_1_13' title='bbox 1153 383 1276 433; x_wconf 72' lang='lat' dir='ltr'><strong>martyr</strong></span> <span class='ocrx_word' id='word_1_14' title='bbox 1300 378 1491 414; x_wconf 68' lang='lat' dir='ltr'><strong>rubricatus,</strong></span> 
     </span>
     <span class='ocr_line' id='line_1_4' title="bbox 293 427 1361 473; baseline -0.007 -9"><span class='ocrx_word' id='word_1_15' title='bbox 293 433 369 473; x_wconf 84' lang='lat' dir='ltr'>Spes</span> <span class='ocrx_word' id='word_1_16' title='bbox 394 433 503 465; x_wconf 87' lang='lat' dir='ltr'><strong>salutis</strong></span> <span class='ocrx_word' id='word_1_17' title='bbox 528 434 641 465; x_wconf 88' lang='lat' dir='ltr'><strong>mentis</strong></span> <span class='ocrx_word' id='word_1_18' title='bbox 664 441 762 472; x_wconf 84' lang='lat' dir='ltr'><strong>meae,</strong></span> <span class='ocrx_word' id='word_1_19' title='bbox 966 430 1056 463; x_wconf 87' lang='lat' dir='ltr'><strong>Pelle</strong></span> <span class='ocrx_word' id='word_1_20' title='bbox 1081 430 1170 461; x_wconf 84' lang='lat' dir='ltr'><strong>vivus</strong></span> <span class='ocrx_word' id='word_1_21' title='bbox 1195 427 1361 467; x_wconf 78' lang='lat' dir='ltr'><strong>spoliatus,</strong></span> 
     </span>
     <span class='ocr_line' id='line_1_5' title="bbox 298 472 1432 519; baseline -0.008 -8"><span class='ocrx_word' id='word_1_22' title='bbox 298 480 391 511; x_wconf 80' lang='lat' dir='ltr'><strong>Ortus</strong></span> <span class='ocrx_word' id='word_1_23' title='bbox 416 479 516 519; x_wconf 80' lang='lat' dir='ltr'><strong>stirpe</strong></span> <span class='ocrx_word' id='word_1_24' title='bbox 541 480 582 510; x_wconf 90' lang='lat' dir='ltr'><strong>de</strong></span> <span class='ocrx_word' id='word_1_25' title='bbox 604 479 713 518; x_wconf 86' lang='lat' dir='ltr'><strong>regali,</strong></span> <span class='ocrx_word' id='word_1_26' title='bbox 968 476 1058 509; x_wconf 82' lang='lat' dir='ltr'><strong>Stola</strong></span> <span class='ocrx_word' id='word_1_27' title='bbox 1081 475 1159 507; x_wconf 88' lang='lat' dir='ltr'><strong>caeli</strong></span> <span class='ocrx_word' id='word_1_28' title='bbox 1183 482 1269 505; x_wconf 89' lang='lat' dir='ltr'><strong>nunc</strong></span> <span class='ocrx_word' id='word_1_29' title='bbox 1296 472 1432 508; x_wconf 77' lang='lat' dir='ltr'><strong>dotatuS,</strong></span> 
     </span>
     <span class='ocr_line' id='line_1_6' title="bbox 297 519 1442 563; baseline -0.008 -7"><span class='ocrx_word' id='word_1_30' title='bbox 297 525 406 557; x_wconf 82' lang='lat' dir='ltr'><strong>Palma</strong></span> <span class='ocrx_word' id='word_1_31' title='bbox 430 523 545 556; x_wconf 87' lang='lat' dir='ltr'><strong>florens</strong></span> <span class='ocrx_word' id='word_1_32' title='bbox 569 525 763 563; x_wconf 85' lang='lat' dir='ltr'><strong>triumphali.</strong></span> <span class='ocrx_word' id='word_1_33' title='bbox 967 524 1102 556; x_wconf 82' lang='lat' dir='ltr'>Sanctae</span> <span class='ocrx_word' id='word_1_34' title='bbox 1125 521 1211 553; x_wconf 84' lang='lat' dir='ltr'><strong>vitae</strong></span> <span class='ocrx_word' id='word_1_35' title='bbox 1237 520 1279 551; x_wconf 88' lang='lat' dir='ltr'><strong>da</strong></span> <span class='ocrx_word' id='word_1_36' title='bbox 1302 519 1442 550; x_wconf 81' lang='lat' dir='ltr'><strong>ornatus.</strong></span> 
     </span>
    </p>

    <p class='ocr_par' dir='ltr' id='par_1_3' title="bbox 234 579 1511 762">
     <span class='ocr_line' id='line_1_7' title="bbox 234 579 1511 636; baseline -0.009 -13"><span class='ocrx_word' id='word_1_37' title='bbox 234 597 241 606; x_wconf 72' lang='lat'>⁸</span> <span class='ocrx_word' id='word_1_38' title='bbox 257 615 265 623; x_wconf 88' lang='lat'><strong>.</strong></span> <span class='ocrx_word' id='word_1_39' title='bbox 292 589 436 628; x_wconf 85' lang='lat' dir='ltr'><strong>Salve,</strong></span> <span class='ocrx_word' id='word_1_40' title='bbox 463 588 540 621; x_wconf 81' lang='lat' dir='ltr'><strong>felix</strong></span> <span class='ocrx_word' id='word_1_41' title='bbox 564 590 616 629; x_wconf 89' lang='lat' dir='ltr'><strong>qni</strong></span> <span class='ocrx_word' id='word_1_42' title='bbox 641 589 798 621; x_wconf 79' lang='lat' dir='ltr'><strong>strinxisti</strong></span> <span class='ocrx_word' id='word_1_43' title='bbox 905 591 937 621; x_wconf 99' lang='lat'><strong>4.</strong></span> <span class='ocrx_word' id='word_1_44' title='bbox 962 588 1082 626; x_wconf 81' lang='lat' dir='ltr'><strong>Vale,</strong></span> <span class='ocrx_word' id='word_1_45' title='bbox 1107 585 1258 626; x_wconf 85' lang='lat' dir='ltr'><strong>splendor</strong></span> <span class='ocrx_word' id='word_1_46' title='bbox 1273 587 1309 615; x_wconf 81' lang='lat' dir='ltr'><strong>tu</strong></span> <span class='ocrx_word' id='word_1_47' title='bbox 1327 579 1511 636; x_wconf 67' lang='lat' dir='ltr'><strong>[caelestis],</strong></span> 
     </span>
     <span class='ocr_line' id='line_1_8' title="bbox 290 630 1480 676; baseline -0.007 -8"><span class='ocrx_word' id='word_1_48' title='bbox 290 637 374 668; x_wconf 87' lang='lat' dir='ltr'><strong>Deos</strong></span> <span class='ocrx_word' id='word_1_49' title='bbox 399 644 506 676; x_wconf 88' lang='lat' dir='ltr'><strong>vanos,</strong></span> <span class='ocrx_word' id='word_1_50' title='bbox 532 635 585 675; x_wconf 88' lang='lat' dir='ltr'><strong>qui</strong></span> <span class='ocrx_word' id='word_1_51' title='bbox 606 635 739 675; x_wconf 79' lang='lat' dir='ltr'><strong>fregisti,</strong></span> <span class='ocrx_word' id='word_1_52' title='bbox 964 635 1106 667; x_wconf 86' lang='lat' dir='ltr'><strong>Clemens</strong></span> <span class='ocrx_word' id='word_1_53' title='bbox 1133 635 1198 664; x_wconf 87' lang='lat' dir='ltr'><strong>esto</strong></span> <span class='ocrx_word' id='word_1_54' title='bbox 1223 630 1314 663; x_wconf 89' lang='lat' dir='ltr'><strong>nobis</strong></span> <span class='ocrx_word' id='word_1_55' title='bbox 1342 632 1480 670; x_wconf 76' lang='lat' dir='ltr'><strong>maestis,</strong></span> 
     </span>
     <span class='ocr_line' id='line_1_9' title="bbox 291 677 1371 720; baseline -0.004 -7"><span class='ocrx_word' id='word_1_56' title='bbox 291 683 358 714; x_wconf 83' lang='lat' dir='ltr'><strong>Tuo</strong></span> <span class='ocrx_word' id='word_1_57' title='bbox 382 685 522 713; x_wconf 78' lang='lat' dir='ltr'><strong>tremunt</strong></span> <span class='ocrx_word' id='word_1_58' title='bbox 543 683 578 714; x_wconf 89' lang='lat' dir='ltr'><strong>in</strong></span> <span class='ocrx_word' id='word_1_59' title='bbox 602 682 707 720; x_wconf 86' lang='lat' dir='ltr'><strong>affatu,</strong></span> <span class='ocrx_word' id='word_1_60' title='bbox 963 682 1031 713; x_wconf 85' lang='lat' dir='ltr'><strong>Tua</strong></span> <span class='ocrx_word' id='word_1_61' title='bbox 1056 688 1151 719; x_wconf 85' lang='lat' dir='ltr'><strong>prece</strong></span> <span class='ocrx_word' id='word_1_62' title='bbox 1176 677 1285 711; x_wconf 81' lang='lat' dir='ltr'><strong>confer</strong></span> <span class='ocrx_word' id='word_1_63' title='bbox 1309 678 1371 709; x_wconf 79' lang='lat' dir='ltr'><strong>rite</strong></span> 
     </span>
     <span class='ocr_line' id='line_1_10' title="bbox 293 724 1381 762; baseline -0.006 -1"><span class='ocrx_word' id='word_1_64' title='bbox 293 728 391 762; x_wconf 84' lang='lat' dir='ltr'><strong>Gravi</strong></span> <span class='ocrx_word' id='word_1_65' title='bbox 411 729 547 761; x_wconf 87' lang='lat' dir='ltr'><strong>strident</strong></span> <span class='ocrx_word' id='word_1_66' title='bbox 572 729 701 761; x_wconf 81' lang='lat' dir='ltr'><strong>ululatu.</strong></span> <span class='ocrx_word' id='word_1_67' title='bbox 965 727 1090 760; x_wconf 73' lang='lat' dir='ltr'><strong>Gaudia</strong></span> <span class='ocrx_word' id='word_1_68' title='bbox 1115 725 1261 758; x_wconf 81' lang='lat' dir='ltr'><strong>caelest-is</strong></span> <span class='ocrx_word' id='word_1_69' title='bbox 1287 724 1381 757; x_wconf 79' lang='lat' dir='ltr'><strong>vitae.</strong></span> 
     </span>
    </p>
   </div>
   <div class='ocr_carea' id='block_1_3' title="bbox 460 852 1266 894">
    <p class='ocr_par' dir='ltr' id='par_1_4' title="bbox 460 852 1266 894">
     <span class='ocr_line' id='line_1_11' title="bbox 460 852 1266 894; baseline -0.002 -10"><span class='ocrx_word' id='word_1_70' title='bbox 460 853 505 885; x_wconf 80' lang='lat'><strong>62.</strong></span> <span class='ocrx_word' id='word_1_71' title='bbox 537 853 583 884; x_wconf 79' lang='lat' dir='ltr'><strong>Ad</strong></span> <span class='ocrx_word' id='word_1_72' title='bbox 601 854 742 884; x_wconf 76' lang='lat' dir='ltr'><strong>sanctum</strong></span> <span class='ocrx_word' id='word_1_73' title='bbox 760 853 938 894; x_wconf 80' lang='lat' dir='ltr'><strong>Philippum</strong></span> <span class='ocrx_word' id='word_1_74' title='bbox 960 853 1134 893; x_wconf 79' lang='lat' dir='ltr'><strong>apostolum</strong></span> <span class='ocrx_word' id='word_1_75' title='bbox 1155 852 1266 883; x_wconf 80' lang='lat' dir='ltr'><strong>oratic.</strong></span> 
     </span>
    </p>
   </div>
   <div class='ocr_carea' id='block_1_4' title="bbox 260 941 1433 1075">
    <p class='ocr_par' dir='ltr' id='par_1_5' title="bbox 260 941 1433 1075">
     <span class='ocr_line' id='line_1_12' title="bbox 260 941 1433 981; baseline -0.001 -8"><span class='ocrx_word' id='word_1_76' title='bbox 260 966 267 973; x_wconf 95' lang='lat'>.</span> <span class='ocrx_word' id='word_1_77' title='bbox 292 943 392 980; x_wconf 86' lang='lat' dir='ltr'><strong>Ave,</strong></span> <span class='ocrx_word' id='word_1_78' title='bbox 421 949 496 972; x_wconf 85' lang='lat' dir='ltr'><strong>vera</strong></span> <span class='ocrx_word' id='word_1_79' title='bbox 519 942 641 981; x_wconf 83' lang='lat' dir='ltr'><strong>lampas</strong></span> <span class='ocrx_word' id='word_1_80' title='bbox 665 942 784 981; x_wconf 87' lang='lat' dir='ltr'><strong>mundi,</strong></span> <span class='ocrx_word' id='word_1_81' title='bbox 963 941 1083 974; x_wconf 82' lang='lat' dir='ltr'><strong>Christi</strong></span> <span class='ocrx_word' id='word_1_82' title='bbox 1110 942 1226 973; x_wconf 90' lang='lat' dir='ltr'><strong>donum</strong></span> <span class='ocrx_word' id='word_1_83' title='bbox 1252 941 1433 980; x_wconf 86' lang='lat' dir='ltr'><strong>partiendo,</strong></span> 
     </span>
     <span class='ocr_line' id='line_1_13' title="bbox 291 987 1428 1027; baseline 0.001 -8"><span class='ocrx_word' id='word_1_84' title='bbox 291 988 315 1019; x_wconf 95' lang='lat' dir='ltr'>O</span> <span class='ocrx_word' id='word_1_85' title='bbox 341 987 497 1027; x_wconf 83' lang='lat' dir='ltr'><strong>Philippe,</strong></span> <span class='ocrx_word' id='word_1_86' title='bbox 522 996 579 1019; x_wconf 89' lang='lat' dir='ltr'><strong>nos</strong></span> <span class='ocrx_word' id='word_1_87' title='bbox 603 988 756 1020; x_wconf 87' lang='lat' dir='ltr'><strong>immundi</strong></span> <span class='ocrx_word' id='word_1_88' title='bbox 961 989 1060 1020; x_wconf 88' lang='lat' dir='ltr'><strong>Omne</strong></span> <span class='ocrx_word' id='word_1_89' title='bbox 1084 988 1201 1019; x_wconf 87' lang='lat' dir='ltr'><strong>malum</strong></span> <span class='ocrx_word' id='word_1_90' title='bbox 1226 988 1428 1021; x_wconf 80' lang='lat' dir='ltr'><strong>removendo,</strong></span> 
     </span>
     <span class='ocr_line' id='line_1_14' title="bbox 288 1034 729 1075; baseline 0 -10"><span class='ocrx_word' id='word_1_91' title='bbox 288 1034 335 1065; x_wconf 80' lang='lat' dir='ltr'><strong>Te</strong></span> <span class='ocrx_word' id='word_1_92' title='bbox 358 1034 522 1065; x_wconf 84' lang='lat' dir='ltr'><strong>laudamus</strong></span> <span class='ocrx_word' id='word_1_93' title='bbox 547 1043 625 1066; x_wconf 90' lang='lat' dir='ltr'><strong>voce</strong></span> <span class='ocrx_word' id='word_1_94' title='bbox 648 1035 729 1075; x_wconf 85' lang='lat' dir='ltr'><strong>pari,</strong></span> 
     </span>
    </p>
   </div>
   <div class='ocr_carea' id='block_1_5' title="bbox 287 1052 1511 1112">
    <p class='ocr_par' dir='ltr' id='par_1_6' title="bbox 287 1052 1511 1112">
     <span class='ocr_line' id='line_1_15' title="bbox 287 1052 1511 1112; baseline 0.003 -31"><span class='ocrx_word' id='word_1_95' title='bbox 287 1080 374 1112; x_wconf 61' lang='lat' dir='ltr'><strong>Laus</strong></span> <span class='ocrx_word' id='word_1_96' title='bbox 396 1080 438 1111; x_wconf 63' lang='lat' dir='ltr'><strong>Sit</strong></span> <span class='ocrx_word' id='word_1_97' title='bbox 461 1080 530 1112; x_wconf 61' lang='lat' dir='ltr'><strong>Deo</strong></span> <span class='ocrx_word' id='word_1_98' title='bbox 554 1081 684 1112; x_wconf 60' lang='lat' dir='ltr'>salutari</span> <span class='ocrx_word' id='word_1_99' title='bbox 905 1055 936 1086; x_wconf 85' lang='lat'><strong>3.</strong></span> <span class='ocrx_word' id='word_1_100' title='bbox 964 1053 1126 1093; x_wconf 80' lang='lat' dir='ltr'><strong>Grande,</strong></span> <span class='ocrx_word' id='word_1_101' title='bbox 1152 1052 1280 1085; x_wconf 85' lang='lat' dir='ltr'><strong>fervens</strong></span> <span class='ocrx_word' id='word_1_102' title='bbox 1297 1053 1511 1094; x_wconf 87' lang='lat' dir='ltr'><strong>praedicator,</strong></span> 
     </span>
    </p>
   </div>
   <div class='ocr_carea' id='block_1_6' title="bbox 254 1100 1446 1233">
    <p class='ocr_par' dir='ltr' id='par_1_7' title="bbox 254 1100 1446 1233">
     <span class='ocr_line' id='line_1_16' title="bbox 962 1100 1327 1138; baseline -0.003 -5"><span class='ocrx_word' id='word_1_103' title='bbox 962 1101 1125 1133; x_wconf 79' lang='lat' dir='ltr'><strong>idolorum</strong></span> <span class='ocrx_word' id='word_1_104' title='bbox 1157 1100 1327 1138; x_wconf 78' lang='lat' dir='ltr'><strong>desolator,</strong></span> 
     </span>
     <span class='ocr_line' id='line_1_17' title="bbox 254 1144 1347 1187; baseline 0.002 -10"><span class='ocrx_word' id='word_1_105' title='bbox 254 1170 262 1177; x_wconf 92' lang='lat'>.</span> <span class='ocrx_word' id='word_1_106' title='bbox 288 1144 428 1184; x_wconf 82' lang='lat' dir='ltr'><strong>Salve,</strong></span> <span class='ocrx_word' id='word_1_107' title='bbox 455 1145 515 1177; x_wconf 85' lang='lat' dir='ltr'><strong>Dei</strong></span> <span class='ocrx_word' id='word_1_108' title='bbox 539 1146 711 1187; x_wconf 83' lang='lat' dir='ltr'><strong>secretalis,</strong></span> <span class='ocrx_word' id='word_1_109' title='bbox 959 1146 1159 1179; x_wconf 87' lang='lat' dir='ltr'><strong>Infirmorum</strong></span> <span class='ocrx_word' id='word_1_110' title='bbox 1183 1148 1347 1187; x_wconf 80' lang='lat' dir='ltr'><strong>solidator,</strong></span> 
     </span>
     <span class='ocr_line' id='line_1_18' title="bbox 285 1191 1446 1233; baseline 0.005 -10"><span class='ocrx_word' id='word_1_111' title='bbox 285 1191 364 1223; x_wconf 88' lang='lat' dir='ltr'><strong>Esto</strong></span> <span class='ocrx_word' id='word_1_112' title='bbox 392 1191 484 1223; x_wconf 90' lang='lat' dir='ltr'><strong>nobis</strong></span> <span class='ocrx_word' id='word_1_113' title='bbox 508 1192 649 1224; x_wconf 85' lang='lat' dir='ltr'><strong>liberalis</strong></span> <span class='ocrx_word' id='word_1_114' title='bbox 958 1193 1070 1226; x_wconf 83' lang='lat' dir='ltr'><strong>Nostri</strong></span> <span class='ocrx_word' id='word_1_115' title='bbox 1094 1203 1221 1233; x_wconf 87' lang='lat' dir='ltr'><strong>semper</strong></span> <span class='ocrx_word' id='word_1_116' title='bbox 1245 1195 1289 1226; x_wconf 90' lang='lat' dir='ltr'><strong>sis</strong></span> <span class='ocrx_word' id='word_1_117' title='bbox 1314 1197 1446 1229; x_wconf 82' lang='lat' dir='ltr'><strong>amator.</strong></span> 
     </span>
    </p>
   </div>
   <div class='ocr_carea' id='block_1_7' title="bbox 676 1259 1055 1300">
    <p class='ocr_par' dir='ltr' id='par_1_8' title="bbox 676 1259 1055 1300">
     <span class='ocr_line' id='line_1_19' title="bbox 676 1259 1055 1300; baseline 0.008 -10"><span class='ocrx_word' id='word_1_118' title='bbox 676 1260 706 1290; x_wconf 87' lang='lat'><strong>4.</strong></span> <span class='ocrx_word' id='word_1_119' title='bbox 733 1259 853 1300; x_wconf 85' lang='lat' dir='ltr'><strong>Vale,</strong></span> <span class='ocrx_word' id='word_1_120' title='bbox 879 1262 938 1294; x_wconf 78' lang='lat' dir='ltr'><strong>etc.</strong></span> <span class='ocrx_word' id='word_1_121' title='bbox 965 1259 1055 1293; x_wconf 79' lang='lat' dir='ltr'><strong>fehlt.</strong></span> 
     </span>
    </p>
   </div>
   <div class='ocr_carea' id='block_1_8' title="bbox 477 1390 1253 1437">
    <p class='ocr_par' dir='ltr' id='par_1_9' title="bbox 477 1390 1253 1437">
     <span class='ocr_line' id='line_1_20' title="bbox 477 1390 1253 1437; baseline 0.009 -15"><span class='ocrx_word' id='word_1_122' title='bbox 477 1392 523 1423; x_wconf 83' lang='lat'><strong>63.</strong></span> <span class='ocrx_word' id='word_1_123' title='bbox 553 1390 599 1422; x_wconf 75' lang='lat' dir='ltr'><strong>Ad</strong></span> <span class='ocrx_word' id='word_1_124' title='bbox 620 1394 761 1425; x_wconf 84' lang='lat' dir='ltr'><strong>sanctum</strong></span> <span class='ocrx_word' id='word_1_125' title='bbox 780 1395 924 1428; x_wconf 70' lang='lat' dir='ltr'><strong>&#39;rhomam</strong></span> <span class='ocrx_word' id='word_1_126' title='bbox 945 1396 1120 1437; x_wconf 81' lang='lat' dir='ltr'><strong>apostolum</strong></span> <span class='ocrx_word' id='word_1_127' title='bbox 1141 1398 1253 1429; x_wconf 82' lang='lat' dir='ltr'><strong>oratio.</strong></span> 
     </span>
    </p>
   </div>
   <div class='ocr_carea' id='block_1_9' title="bbox 254 1477 1514 1660">
    <p class='ocr_par' dir='ltr' id='par_1_10' title="bbox 254 1477 1514 1660">
     <span class='ocr_line' id='line_1_21' title="bbox 254 1477 1513 1529; baseline 0.007 -19"><span class='ocrx_word' id='word_1_128' title='bbox 254 1504 260 1510; x_wconf 95' lang='lat'>.</span> <span class='ocrx_word' id='word_1_129' title='bbox 285 1477 389 1518; x_wconf 83' lang='lat' dir='ltr'><strong>Ave,</strong></span> <span class='ocrx_word' id='word_1_130' title='bbox 416 1479 546 1518; x_wconf 81' lang='lat' dir='ltr'><strong>Thoma,</strong></span> <span class='ocrx_word' id='word_1_131' title='bbox 571 1478 679 1512; x_wconf 88' lang='lat' dir='ltr'><strong>firmus</strong></span> <span class='ocrx_word' id='word_1_132' title='bbox 705 1482 779 1523; x_wconf 86' lang='lat' dir='ltr'><strong>fide,</strong></span> <span class='ocrx_word' id='word_1_133' title='bbox 904 1486 934 1517; x_wconf 86' lang='lat'><strong>3.</strong></span> <span class='ocrx_word' id='word_1_134' title='bbox 961 1484 1125 1525; x_wconf 64' lang='lat' dir='ltr'><strong>Gaude,</strong></span> <span class='ocrx_word' id='word_1_135' title='bbox 1150 1484 1234 1518; x_wconf 87' lang='lat' dir='ltr'><strong>fidus</strong></span> <span class='ocrx_word' id='word_1_136' title='bbox 1252 1486 1372 1519; x_wconf 82' lang='lat' dir='ltr'><strong>Christi</strong></span> <span class='ocrx_word' id='word_1_137' title='bbox 1389 1495 1513 1529; x_wconf 79' lang='lat' dir='ltr'><strong>servuS,</strong></span> 
     </span>
     <span class='ocr_line' id='line_1_22' title="bbox 289 1524 1514 1573; baseline 0.008 -18"><span class='ocrx_word' id='word_1_138' title='bbox 289 1524 409 1556; x_wconf 86' lang='lat' dir='ltr'><strong>Cuncta</strong></span> <span class='ocrx_word' id='word_1_139' title='bbox 430 1526 515 1557; x_wconf 81' lang='lat' dir='ltr'><strong>mala</strong></span> <span class='ocrx_word' id='word_1_140' title='bbox 536 1526 587 1557; x_wconf 90' lang='lat' dir='ltr'><strong>hic</strong></span> <span class='ocrx_word' id='word_1_141' title='bbox 613 1527 737 1571; x_wconf 81' lang='lat' dir='ltr'><strong>collide,</strong></span> <span class='ocrx_word' id='word_1_142' title='bbox 962 1531 1093 1570; x_wconf 84' lang='lat' dir='ltr'><strong>Semper</strong></span> <span class='ocrx_word' id='word_1_143' title='bbox 1107 1542 1236 1573; x_wconf 90' lang='lat' dir='ltr'><strong>pronus,</strong></span> <span class='ocrx_word' id='word_1_144' title='bbox 1256 1543 1319 1566; x_wconf 85' lang='lat' dir='ltr'><strong>non</strong></span> <span class='ocrx_word' id='word_1_145' title='bbox 1332 1537 1514 1573; x_wconf 87' lang='lat' dir='ltr'><strong>protervus,</strong></span> 
     </span>
     <span class='ocr_line' id='line_1_23' title="bbox 290 1571 1464 1620; baseline 0.009 -19"><span class='ocrx_word' id='word_1_146' title='bbox 290 1571 337 1602; x_wconf 87' lang='lat' dir='ltr'><strong>Tu</strong></span> <span class='ocrx_word' id='word_1_147' title='bbox 361 1573 512 1610; x_wconf 82' lang='lat' dir='ltr'><strong>patronus</strong></span> <span class='ocrx_word' id='word_1_148' title='bbox 538 1580 571 1603; x_wconf 88' lang='lat' dir='ltr'><strong>es</strong></span> <span class='ocrx_word' id='word_1_149' title='bbox 595 1574 756 1614; x_wconf 84' lang='lat' dir='ltr'><strong>Indorum,</strong></span> <span class='ocrx_word' id='word_1_150' title='bbox 959 1578 1097 1610; x_wconf 84' lang='lat' dir='ltr'><strong>Mortem</strong></span> <span class='ocrx_word' id='word_1_151' title='bbox 1122 1588 1181 1619; x_wconf 89' lang='lat' dir='ltr'><strong>pro</strong></span> <span class='ocrx_word' id='word_1_152' title='bbox 1207 1590 1267 1620; x_wconf 85' lang='lat' dir='ltr'><strong>quo</strong></span> <span class='ocrx_word' id='word_1_153' title='bbox 1294 1581 1464 1620; x_wconf 80' lang='lat' dir='ltr'><strong>suscepisti</strong></span> 
     </span>
     <span class='ocr_line' id='line_1_24' title="bbox 290 1616 1356 1660; baseline 0.011 -13"><span class='ocrx_word' id='word_1_154' title='bbox 290 1616 349 1648; x_wconf 83' lang='lat' dir='ltr'><strong>His</strong></span> <span class='ocrx_word' id='word_1_155' title='bbox 376 1618 493 1649; x_wconf 86' lang='lat' dir='ltr'><strong>dedisti</strong></span> <span class='ocrx_word' id='word_1_156' title='bbox 518 1619 599 1651; x_wconf 86' lang='lat' dir='ltr'><strong>viam</strong></span> <span class='ocrx_word' id='word_1_157' title='bbox 623 1629 753 1654; x_wconf 89' lang='lat' dir='ltr'><strong>morum.</strong></span> <span class='ocrx_word' id='word_1_158' title='bbox 961 1625 1005 1657; x_wconf 85' lang='lat' dir='ltr'><strong>Et</strong></span> <span class='ocrx_word' id='word_1_159' title='bbox 1029 1634 1177 1658; x_wconf 88' lang='lat' dir='ltr'><strong>coronam</strong></span> <span class='ocrx_word' id='word_1_160' title='bbox 1202 1628 1356 1660; x_wconf 83' lang='lat' dir='ltr'><strong>meruisti.</strong></span> 
     </span>
    </p>
   </div>
   <div class='ocr_carea' id='block_1_10' title="bbox 254 1681 1509 1736">
    <p class='ocr_par' dir='ltr' id='par_1_11' title="bbox 254 1681 1509 1736">
     <span class='ocr_line' id='line_1_25' title="bbox 254 1681 1509 1736; baseline 0.012 -21"><span class='ocrx_word' id='word_1_161' title='bbox 254 1708 261 1715; x_wconf 94' lang='lat'>.</span> <span class='ocrx_word' id='word_1_162' title='bbox 288 1681 425 1726; x_wconf 84' lang='lat' dir='ltr'><strong>Salve,</strong></span> <span class='ocrx_word' id='word_1_163' title='bbox 451 1691 580 1723; x_wconf 81' lang='lat' dir='ltr'><strong>sparsor</strong></span> <span class='ocrx_word' id='word_1_164' title='bbox 603 1686 814 1719; x_wconf 80' lang='lat' dir='ltr'><strong>doctrinarum</strong></span> <span class='ocrx_word' id='word_1_165' title='bbox 901 1691 931 1721; x_wconf 75' lang='lat'><strong>4.</strong></span> <span class='ocrx_word' id='word_1_166' title='bbox 959 1691 1078 1731; x_wconf 83' lang='lat' dir='ltr'><strong>Vale,</strong></span> <span class='ocrx_word' id='word_1_167' title='bbox 1106 1692 1236 1736; x_wconf 81' lang='lat' dir='ltr'><strong>Thoma,</strong></span> <span class='ocrx_word' id='word_1_168' title='bbox 1263 1693 1369 1725; x_wconf 84' lang='lat' dir='ltr'><strong>lumen</strong></span> <span class='ocrx_word' id='word_1_169' title='bbox 1388 1694 1509 1729; x_wconf 69' lang='lat' dir='ltr'><strong>mundi,</strong></span> 
     </span>
    </p>
   </div>
   <div class='ocr_carea' id='block_1_11' title="bbox 288 1728 1463 1873">
    <p class='ocr_par' dir='ltr' id='par_1_12' title="bbox 288 1728 1463 1873">
     <span class='ocr_line' id='line_1_26' title="bbox 289 1728 1463 1781; baseline 0.013 -22"><span class='ocrx_word' id='word_1_170' title='bbox 289 1728 342 1759; x_wconf 90' lang='lat' dir='ltr'><strong>Ad</strong></span> <span class='ocrx_word' id='word_1_171' title='bbox 367 1729 499 1760; x_wconf 86' lang='lat' dir='ltr'><strong>salutem</strong></span> <span class='ocrx_word' id='word_1_172' title='bbox 524 1731 708 1772; x_wconf 83' lang='lat' dir='ltr'><strong>animarum,</strong></span> <span class='ocrx_word' id='word_1_173' title='bbox 960 1738 1009 1769; x_wconf 85' lang='lat' dir='ltr'><strong>Tu</strong></span> <span class='ocrx_word' id='word_1_174' title='bbox 1031 1739 1084 1777; x_wconf 86' lang='lat' dir='ltr'><strong>qui</strong></span> <span class='ocrx_word' id='word_1_175' title='bbox 1108 1747 1219 1771; x_wconf 86' lang='lat' dir='ltr'><strong>sensus</strong></span> <span class='ocrx_word' id='word_1_176' title='bbox 1245 1749 1278 1772; x_wconf 87' lang='lat' dir='ltr'><strong>es</strong></span> <span class='ocrx_word' id='word_1_177' title='bbox 1301 1740 1463 1781; x_wconf 76' lang='lat' dir='ltr'><strong>profundi,</strong></span> 
     </span>
     <span class='ocr_line' id='line_1_27' title="bbox 288 1774 1416 1827; baseline 0.014 -22"><span class='ocrx_word' id='word_1_178' title='bbox 288 1774 383 1816; x_wconf 86' lang='lat' dir='ltr'><strong>Regis</strong></span> <span class='ocrx_word' id='word_1_179' title='bbox 407 1777 528 1815; x_wconf 89' lang='lat' dir='ltr'><strong>prolem</strong></span> <span class='ocrx_word' id='word_1_180' title='bbox 554 1778 746 1819; x_wconf 84' lang='lat' dir='ltr'><strong>convertisti,</strong></span> <span class='ocrx_word' id='word_1_181' title='bbox 962 1784 1061 1815; x_wconf 85' lang='lat' dir='ltr'><strong>Nobis</strong></span> <span class='ocrx_word' id='word_1_182' title='bbox 1087 1794 1183 1825; x_wconf 87' lang='lat' dir='ltr'><strong>posce</strong></span> <span class='ocrx_word' id='word_1_183' title='bbox 1208 1791 1310 1819; x_wconf 85' lang='lat' dir='ltr'><strong>tecum</strong></span> <span class='ocrx_word' id='word_1_184' title='bbox 1337 1797 1416 1827; x_wconf 85' lang='lat' dir='ltr'><strong>esse,</strong></span> 
     </span>
     <span class='ocr_line' id='line_1_28' title="bbox 289 1821 1429 1873; baseline 0.015 -20"><span class='ocrx_word' id='word_1_185' title='bbox 289 1821 403 1854; x_wconf 80' lang='lat' dir='ltr'><strong>Cast-ae</strong></span> <span class='ocrx_word' id='word_1_186' title='bbox 429 1821 510 1855; x_wconf 84' lang='lat' dir='ltr'><strong>vitae</strong></span> <span class='ocrx_word' id='word_1_187' title='bbox 534 1832 626 1862; x_wconf 77' lang='lat' dir='ltr'><strong>quam</strong></span> <span class='ocrx_word' id='word_1_188' title='bbox 652 1824 778 1859; x_wconf 81' lang='lat' dir='ltr'><strong>dedisti.</strong></span> <span class='ocrx_word' id='word_1_189' title='bbox 961 1830 1024 1863; x_wconf 91' lang='lat' dir='ltr'><strong>Ubi</strong></span> <span class='ocrx_word' id='word_1_190' title='bbox 1049 1836 1162 1873; x_wconf 76' lang='lat' dir='ltr'><strong>regnat</strong></span> <span class='ocrx_word' id='word_1_191' title='bbox 1183 1833 1242 1866; x_wconf 94' lang='lat' dir='ltr'><strong>flos</strong></span> <span class='ocrx_word' id='word_1_192' title='bbox 1270 1835 1310 1867; x_wconf 84' lang='lat' dir='ltr'><strong>de</strong></span> <span class='ocrx_word' id='word_1_193' title='bbox 1333 1836 1429 1870; x_wconf 86' lang='lat' dir='ltr'><strong>Iesse.</strong></span> 
     </span>
    </p>
   </div>
   <div class='ocr_carea' id='block_1_12' title="bbox 534 1950 1183 1998">
    <p class='ocr_par' dir='ltr' id='par_1_13' title="bbox 534 1950 1183 1998">
     <span class='ocr_line' id='line_1_29' title="bbox 534 1950 1183 1998; baseline 0.018 -18"><span class='ocrx_word' id='word_1_194' title='bbox 534 1950 580 1981; x_wconf 91' lang='grc'><strong>64.</strong></span> <span class='ocrx_word' id='word_1_195' title='bbox 606 1951 653 1983; x_wconf 85' lang='lat' dir='ltr'><strong>Ad</strong></span> <span class='ocrx_word' id='word_1_196' title='bbox 671 1954 811 1984; x_wconf 79' lang='lat' dir='ltr'><strong>sanetum</strong></span> <span class='ocrx_word' id='word_1_197' title='bbox 830 1955 981 1988; x_wconf 86' lang='lat' dir='ltr'><strong>Simonem</strong></span> <span class='ocrx_word' id='word_1_198' title='bbox 1001 1959 1183 1998; x_wconf 69' lang='lat' dir='ltr'><strong>apostolum.</strong></span> 
     </span>
    </p>
   </div>
   <div class='ocr_carea' id='block_1_13' title="bbox 254 2037 1511 2347">
    <p class='ocr_par' dir='ltr' id='par_1_14' title="bbox 254 2037 1511 2228">
     <span class='ocr_line' id='line_1_30' title="bbox 254 2037 1511 2095; baseline 0.016 -30"><span class='ocrx_word' id='word_1_199' title='bbox 254 2058 260 2065; x_wconf 93' lang='lat'>.</span> <span class='ocrx_word' id='word_1_200' title='bbox 285 2037 390 2088; x_wconf 51' lang='lat' dir='ltr'><strong>Afieae</strong></span> <span class='ocrx_word' id='word_1_201' title='bbox 417 2038 522 2070; x_wconf 88' lang='lat' dir='ltr'><strong>Simon</strong></span> <span class='ocrx_word' id='word_1_202' title='bbox 548 2038 717 2082; x_wconf 86' lang='lat' dir='ltr'><strong>Cananaee,</strong></span> <span class='ocrx_word' id='word_1_203' title='bbox 904 2043 936 2075; x_wconf 84' lang='lat'><strong>3.</strong></span> <span class='ocrx_word' id='word_1_204' title='bbox 964 2045 1119 2088; x_wconf 78' lang='lat' dir='ltr'><strong>Gaude,</strong></span> <span class='ocrx_word' id='word_1_205' title='bbox 1147 2048 1274 2082; x_wconf 82' lang='lat' dir='ltr'><strong>fervens</strong></span> <span class='ocrx_word' id='word_1_206' title='bbox 1292 2052 1412 2086; x_wconf 81' lang='lat' dir='ltr'><strong>Christi</strong></span> <span class='ocrx_word' id='word_1_207' title='bbox 1430 2054 1511 2095; x_wconf 83' lang='lat' dir='ltr'><strong>zelo,</strong></span> 
     </span>
     <span class='ocr_line' id='line_1_31' title="bbox 291 2082 1433 2141; baseline 0.018 -28"><span class='ocrx_word' id='word_1_208' title='bbox 291 2082 340 2114; x_wconf 77' lang='lat' dir='ltr'><strong>Sis</strong></span> <span class='ocrx_word' id='word_1_209' title='bbox 364 2087 525 2122; x_wconf 89' lang='lat' dir='ltr'><strong>protector</strong></span> <span class='ocrx_word' id='word_1_210' title='bbox 549 2086 633 2118; x_wconf 85' lang='lat' dir='ltr'><strong>vitae</strong></span> <span class='ocrx_word' id='word_1_211' title='bbox 656 2095 755 2128; x_wconf 84' lang='lat' dir='ltr'><strong>meae,</strong></span> <span class='ocrx_word' id='word_1_212' title='bbox 962 2091 1061 2124; x_wconf 87' lang='lat' dir='ltr'><strong>Serva</strong></span> <span class='ocrx_word' id='word_1_213' title='bbox 1085 2105 1142 2128; x_wconf 86' lang='lat' dir='ltr'><strong>nos</strong></span> <span class='ocrx_word' id='word_1_214' title='bbox 1167 2097 1207 2128; x_wconf 88' lang='lat' dir='ltr'><strong>ab</strong></span> <span class='ocrx_word' id='word_1_215' title='bbox 1231 2098 1332 2131; x_wconf 82' lang='lat' dir='ltr'><strong>hostis</strong></span> <span class='ocrx_word' id='word_1_216' title='bbox 1356 2101 1433 2141; x_wconf 82' lang='lat' dir='ltr'><strong>telo,</strong></span> 
     </span>
     <span class='ocr_line' id='line_1_32' title="bbox 293 2128 1415 2186; baseline 0.018 -27"><span class='ocrx_word' id='word_1_217' title='bbox 293 2128 423 2161; x_wconf 82' lang='lat' dir='ltr'><strong>Clarens</strong></span> <span class='ocrx_word' id='word_1_218' title='bbox 446 2130 527 2163; x_wconf 82' lang='lat' dir='ltr'><strong>dono</strong></span> <span class='ocrx_word' id='word_1_219' title='bbox 553 2134 749 2174; x_wconf 80' lang='lat' dir='ltr'><strong>prophetiae,</strong></span> <span class='ocrx_word' id='word_1_220' title='bbox 963 2138 1105 2172; x_wconf 79' lang='lat' dir='ltr'><strong>Gratiam</strong></span> <span class='ocrx_word' id='word_1_221' title='bbox 1130 2142 1172 2173; x_wconf 89' lang='lat' dir='ltr'><strong>da</strong></span> <span class='ocrx_word' id='word_1_222' title='bbox 1194 2144 1297 2177; x_wconf 88' lang='lat' dir='ltr'><strong>iustae</strong></span> <span class='ocrx_word' id='word_1_223' title='bbox 1320 2147 1415 2186; x_wconf 81' lang='lat' dir='ltr'><strong>vitae,</strong></span> 
     </span>
     <span class='ocr_line' id='line_1_33' title="bbox 290 2175 1461 2228; baseline 0.018 -22"><span class='ocrx_word' id='word_1_224' title='bbox 290 2175 448 2208; x_wconf 85' lang='lat' dir='ltr'><strong>Oboedire</strong></span> <span class='ocrx_word' id='word_1_225' title='bbox 473 2178 513 2209; x_wconf 86' lang='lat' dir='ltr'><strong>da</strong></span> <span class='ocrx_word' id='word_1_226' title='bbox 536 2178 683 2211; x_wconf 84' lang='lat' dir='ltr'><strong>Messiae.</strong></span> <span class='ocrx_word' id='word_1_227' title='bbox 961 2184 1075 2217; x_wconf 85' lang='lat' dir='ltr'><strong>Pacem</strong></span> <span class='ocrx_word' id='word_1_228' title='bbox 1100 2190 1214 2222; x_wconf 85' lang='lat' dir='ltr'><strong>mentis</strong></span> <span class='ocrx_word' id='word_1_229' title='bbox 1240 2195 1271 2222; x_wconf 84' lang='lat' dir='ltr'><strong>et</strong></span> <span class='ocrx_word' id='word_1_230' title='bbox 1296 2202 1350 2225; x_wconf 88' lang='lat' dir='ltr'><strong>cor</strong></span> <span class='ocrx_word' id='word_1_231' title='bbox 1374 2195 1461 2228; x_wconf 81' lang='lat' dir='ltr'><strong>mite.</strong></span> 
     </span>
    </p>

    <p class='ocr_par' dir='ltr' id='par_1_15' title="bbox 254 2240 1420 2347">
     <span class='ocr_line' id='line_1_34' title="bbox 254 2240 1403 2295; baseline 0.018 -24"><span class='ocrx_word' id='word_1_232' title='bbox 254 2266 261 2273; x_wconf 96' lang='lat'>.</span> <span class='ocrx_word' id='word_1_233' title='bbox 289 2240 418 2283; x_wconf 83' lang='lat' dir='ltr'><strong>Salve,</strong></span> <span class='ocrx_word' id='word_1_234' title='bbox 438 2241 554 2282; x_wconf 88' lang='lat' dir='ltr'><strong>Simon,</strong></span> <span class='ocrx_word' id='word_1_235' title='bbox 572 2245 706 2284; x_wconf 76' lang='lat' dir='ltr'><strong>simplex</strong></span> <span class='ocrx_word' id='word_1_236' title='bbox 722 2255 830 2288; x_wconf 82' lang='lat' dir='ltr'><strong>agnuS,</strong></span> <span class='ocrx_word' id='word_1_237' title='bbox 902 2249 933 2281; x_wconf 87' lang='lat'><strong>4.</strong></span> <span class='ocrx_word' id='word_1_238' title='bbox 963 2250 1081 2295; x_wconf 85' lang='lat' dir='ltr'><strong>Vale,</strong></span> <span class='ocrx_word' id='word_1_239' title='bbox 1109 2255 1189 2286; x_wconf 86' lang='lat' dir='ltr'><strong>caeli</strong></span> <span class='ocrx_word' id='word_1_240' title='bbox 1213 2259 1248 2288; x_wconf 89' lang='lat' dir='ltr'><strong>tu</strong></span> <span class='ocrx_word' id='word_1_241' title='bbox 1273 2259 1403 2292; x_wconf 86' lang='lat' dir='ltr'><strong>colonus</strong></span> 
     </span>
     <span class='ocr_line' id='line_1_35' title="bbox 287 2287 1420 2347; baseline 0.017 -27"><span class='ocrx_word' id='word_1_242' title='bbox 287 2288 333 2320; x_wconf 85' lang='lat' dir='ltr'><strong>Te</strong></span> <span class='ocrx_word' id='word_1_243' title='bbox 358 2288 470 2321; x_wconf 83' lang='lat' dir='ltr'><strong>dilexit·</strong></span> <span class='ocrx_word' id='word_1_244' title='bbox 494 2290 580 2322; x_wconf 85' lang='lat' dir='ltr'><strong>Deus</strong></span> <span class='ocrx_word' id='word_1_245' title='bbox 604 2301 744 2333; x_wconf 84' lang='lat' dir='ltr'><strong>magnus,</strong></span> <span class='ocrx_word' id='word_1_246' title='bbox 962 2297 1010 2328; x_wconf 82' lang='lat' dir='ltr'><strong>Tu</strong></span> <span class='ocrx_word' id='word_1_247' title='bbox 1033 2298 1174 2340; x_wconf 83' lang='lat' dir='ltr'><strong>Aegypti</strong></span> <span class='ocrx_word' id='word_1_248' title='bbox 1198 2311 1231 2335; x_wconf 87' lang='lat' dir='ltr'><strong>es</strong></span> <span class='ocrx_word' id='word_1_249' title='bbox 1255 2287 1420 2347; x_wconf 58' lang='lat' dir='ltr'><strong>patronus&#39;,</strong></span> 
     </span>
    </p>
   </div>
   <div class='ocr_carea' id='block_1_14' title="bbox 287 2334 1509 2439">
    <p class='ocr_par' dir='ltr' id='par_1_16' title="bbox 287 2334 1509 2439">
     <span class='ocr_line' id='line_1_36' title="bbox 289 2334 1461 2393; baseline 0.019 -27"><span class='ocrx_word' id='word_1_250' title='bbox 289 2334 346 2367; x_wconf 88' lang='lat' dir='ltr'><strong>Cui</strong></span> <span class='ocrx_word' id='word_1_251' title='bbox 369 2335 434 2367; x_wconf 89' lang='lat' dir='ltr'><strong>fide</strong></span> <span class='ocrx_word' id='word_1_252' title='bbox 458 2337 631 2370; x_wconf 85' lang='lat' dir='ltr'><strong>adhaesisti</strong></span> <span class='ocrx_word' id='word_1_253' title='bbox 962 2344 1166 2379; x_wconf 81' lang='lat' dir='ltr'><strong>Peccatorum</strong></span> <span class='ocrx_word' id='word_1_254' title='bbox 1194 2350 1277 2383; x_wconf 85' lang='lat' dir='ltr'><strong>dona</strong></span> <span class='ocrx_word' id='word_1_255' title='bbox 1300 2354 1461 2393; x_wconf 86' lang='lat' dir='ltr'><strong>planctum</strong></span> 
     </span>
     <span class='ocr_line' id='line_1_37' title="bbox 287 2380 1509 2439; baseline 0.019 -26"><span class='ocrx_word' id='word_1_256' title='bbox 287 2381 330 2414; x_wconf 80' lang='lat' dir='ltr'><strong>Et</strong></span> <span class='ocrx_word' id='word_1_257' title='bbox 354 2384 513 2416; x_wconf 87' lang='lat' dir='ltr'><strong>mundana</strong></span> <span class='ocrx_word' id='word_1_258' title='bbox 536 2385 694 2426; x_wconf 85' lang='lat' dir='ltr'><strong>respuisti.</strong></span> <span class='ocrx_word' id='word_1_259' title='bbox 961 2389 1072 2423; x_wconf 86' lang='lat' dir='ltr'><strong>Finem</strong></span> <span class='ocrx_word' id='word_1_260' title='bbox 1086 2393 1213 2439; x_wconf 78' lang='lat' dir='ltr'><strong>bonum,</strong></span> <span class='ocrx_word' id='word_1_261' title='bbox 1228 2402 1342 2433; x_wconf 83' lang='lat' dir='ltr'><strong>statum</strong></span> <span class='ocrx_word' id='word_1_262' title='bbox 1356 2380 1509 2438; x_wconf 77' lang='lat' dir='ltr'><strong>sanctu&#39;m.</strong></span> 
     </span>
    </p>
   </div>
  </div>
 </body>
</html>
