1655 2573
668 116 923 152 —189-

162 210 218 245 11.
245 208 392 245 Mirando
417 212 607 246 mirabiliter

293 258 478 299 Naturaque
501 260 644 299 miratur,

245 307 329 339 Dum
355 308 420 338 tarn
444 306 647 340 ineffabiliter

291 354 328 385 In
354 354 475 385 eunetis
501 358 661 395 operatur,

244 400 334 440 Quod
360 408 452 432 omne
477 402 573 434 decus
595 403 704 433 taliter

291 447 328 479 In
355 447 478 488 virgine
501 448 635 485 locatur,

246 494 338 533 Quod
362 495 500 534 supersit
524 496 576 527 vel
601 496 703 534 aliter,

293 540 383 579 Quod
410 542 501 585 desit,
531 551 573 574 ne
595 543 767 582 linquatur.

767 685 822 716 IV.

161 777 193 809 1.
218 773 319 817 Virgo
343 776 423 808 haee
448 779 496 808 est
519 784 629 808 recens
652 777 731 818 Eva,

263 823 394 856 Mutans
416 832 530 856 nomen
556 824 681 864 veteris,

217 871 316 910 Quam
343 871 470 911 decepit
494 871 578 910 aspis
604 880 700 903 saeva

266 917 375 949 Morsu
399 918 486 958 pomi
510 919 649 958 sceleris,

217 965 308 997 Haec
333 967 380 995 est
404 974 529 1007 sponsa,
562 965 650 997 euius
673 966 765 997 laeva

264 1012 420 1051 Sponsum
446 1012 544 1051 cingit
567 1012 714 1054 aetheris,

216 1058 307 1090 Haec
331 1061 380 1089 est
404 1067 506 1099 arcuS‚
534 1067 593 1097 quo
610 1059 765 1098 longaeva

262 1105 359 1145 Signa
386 1106 501 1137 dantur
525 1104 675 1139 foederis.

158 1201 190 1232 2.
216 1196 286 1232 Istra
309 1199 396 1231 Ruth
427 1202 475 1230 est.
499 1199 659 1242 Moabitis‚

262 1247 348 1278 Booz
370 1247 500 1285 placens
527 1246 663 1286 domina,

216 1294 396 1333 Impetrans
419 1302 460 1324 ne
484 1301 559 1325 suae
583 1294 657 1325 vitis

261 1340 436 1372 Deleantur
459 1340 596 1381 nomina,

216 1387 350 1419 Placans
374 1386 480 1420 David
505 1387 678 1429 Thecuitis,

262 1434 352 1467 Haec
377 1437 425 1466 est
450 1434 589 1475 prudens
614 1434 749 1474 femina3

213 1481 260 1514 Te
287 1480 412 1522 figurat,
438 1482 527 1520 virgo
551 1482 647 1522 mitis,

261 1528 432 1561 Sunamitis
457 1528 590 1568 gemina.

155 1625 186 1657 3.
213 1620 312 1663 Regis
336 1631 412 1654 arca
435 1623 514 1654 haee
539 1626 587 1655 est
610 1623 667 1654 illa

260 1670 397 1702 Servans
421 1670 455 1701 in
483 1670 612 1710 diluvio,

213 1717 265 1749 Ne
290 1717 471 1756 Charybdis
496 1725 553 1748 nos
578 1718 628 1749 vel
655 1718 764 1757 Scylla

264 1764 386 1797 Obruat
408 1765 441 1796 in
464 1762 570 1803 fluvio,

215 1811 306 1844 Haec
330 1814 377 1842 est
393 1811 542 1852 Thamar,
570 1812 619 1843 cui
638 1812 762 1844 armilla

259 1859 368 1891 Arrha
391 1859 428 1891 fit
451 1858 485 1890 in
509 1858 605 1901 bivio,

213 1906 276 1939 Sed
302 1915 364 1938 non
390 1906 493 1947 tangit
517 1906 599 1938 hanc
622 1906 763 1939 scintilla

262 1953 375 1987 Carnis
400 1962 502 1993 neque
526 1953 612 1987 livio.

153 2051 184 2081 4.
213 2045 360 2083 Gloriosa
385 2049 464 2080 haec
485 2049 593 2087 puella

258 2097 362 2135 Caput
385 2099 491 2128 terens
514 2096 638 2140 zabulo,

207 2143 270 2176 Est
294 2146 326 2174 et
349 2143 457 2184 Moysi
481 2142 603 2176 fiscella

256 2191 494 2223 Abscondentis
518 2191 630 2224 sabulo

208 2239 403 2280 Aegyptium
427 2241 589 2280 gerentem
613 2239 699 2271 bella

257 2288 332 2320 Cum
359 2286 509 2319 Hebraeo
534 2285 664 2327 famulo,

206 2335 299 2367 Haec
324 2337 372 2365 est
396 2335 491 2367 tellus
517 2335 642 2367 stillans
664 2336 761 2367 mella

256 2381 335 2413 Cum
360 2382 489 2414 caelesti
514 2382 642 2423 pabule

841 215 896 249 12.
922 211 983 248 Est
1009 213 1091 245 enim
1116 213 1208 244 nimis
1236 213 1367 255 dapsile,

969 260 1058 300 Quod
1084 260 1266 292 excedendo
1291 262 1408 292 motum

921 308 1047 341 Natura
1071 316 1168 347 sagax
1192 308 1275 348 agile

968 352 1117 387 Profudit
1137 355 1210 393 plus
1235 363 1326 394 quam
1344 356 1443 385 totum

920 403 958 435 In
984 410 1098 440 corpus
1123 401 1313 442 venerabile,

968 449 1017 480 Ab
1042 448 1097 480 illo
1123 448 1240 488 quippe
1263 447 1374 486 fotum,

920 496 1016 528 Cuius
1041 504 1154 527 nomen
1178 495 1325 526 mirabile

967 543 1028 574 Est
1052 543 1083 574 in
1108 542 1229 574 Iudaea
1253 544 1370 574 notum.

837 779 868 810 5.
894 775 963 811 Ista
986 778 1074 810 scala
1096 781 1153 819 est,
1180 786 1272 817 quam
1296 776 1384 808 videt

939 824 1034 856 Iacob
1062 825 1164 856 caelos
1187 827 1326 866 tangere,

892 873 954 904 Per
978 880 1071 911 quam
1095 872 1186 903 homo
1209 880 1273 902 non
1299 869 1424 903 diffidet

940 919 992 950 Ad
1016 927 1153 959 superna
1174 918 1337 957 scandere,

892 966 1042 1004 Haecque
1065 965 1155 998 Iahel
1178 973 1241 996 non
1266 964 1416 996 formidet

938 1012 1070 1043 Hostem
1097 1012 1185 1043 clavo
1210 1011 1367 1051 frangere,

892 1059 1018 1091 Solatur
1023 1058 1235 1101 haecRaohe1‚
1245 1059 1318 1090 dum
1324 1058 1440 1090 stridet

940 1106 1039 1138 Natos
1064 1107 1172 1138 volens
1193 1106 1354 1145 plangere.

834 1173 864 1204 6.
890 1168 1008 1205 Narrat
1033 1181 1103 1203 sese
1126 1172 1210 1203 lator
1236 1172 1315 1212 legis

941 1219 1068 1250 Vidisse
1092 1219 1203 1250 rubum
1230 1218 1383 1260 spineum,

893 1266 1023 1305 Quando
1050 1269 1153 1297 custos
1177 1268 1246 1297 erat
1270 1265 1385 1305 gregis,

940 1313 1125 1344 vomentem
1151 1321 1258 1352 rogum
1282 1312 1416 1351 igneum,

893 1360 956 1393 Sed
971 1359 1084 1391 rubum
1097 1360 1189 1399 hunc,
1204 1360 1232 1390 si
1246 1361 1336 1390 caute
1348 1358 1437 1398 legis,

938 1406 1006 1438 Non
1033 1407 1121 1438 sidus
1144 1409 1237 1437 nocet
1251 1404 1438 1444 flammeum,

891 1454 945 1486 Sic
968 1456 1077 1484 natum
1101 1452 1202 1493 gignit,
1224 1455 1300 1484 nata
1322 1453 1407 1491 regis

938 1500 1010 1531 Non
1030 1500 1159 1532 laedens
1176 1508 1233 1531 vas
1249 1499 1435 1539 virgineum.

833 1563 863 1594 7.
887 1559 926 1595 In
955 1561 1041 1592 tribu
1065 1561 1144 1593 Levi
1170 1560 1327 1593 viridatur

940 1608 1037 1649 Virga
1064 1609 1173 1640 Aaron
1198 1608 1298 1645 arida,

890 1657 987 1696 Quam
1020 1654 1167 1695 pontifex
1204 1656 1276 1688 dum
1302 1656 1438 1686 contem-

1215 1703 1331 1745 platur,

939 1750 1031 1782 Nuce
1055 1749 1147 1782 floret
1171 1750 1309 1791 turgida,

891 1798 946 1831 Sic
970 1807 1009 1829 ex
1034 1798 1145 1830 radice
1169 1799 1339 1836 generatur

940 1845 1038 1885 Virga
1061 1847 1149 1878 Iesse
1171 1842 1297 1883 florida⁷

890 1893 987 1932 Virgo
1013 1902 1071 1932 per
1096 1893 1178 1923 hanc
1201 1891 1357 1931 figuratur

940 1939 1015 1971 Sine
1038 1940 1106 1972 viro
1132 1940 1273 1979 gravida.

834 2002 863 2033 8.
891 1999 1003 2041 spicas
1029 2004 1150 2042 septem
1174 2009 1271 2032 unum
1293 2008 1427 2039 granum

937 2048 1041 2081 Mittit
1063 2049 1097 2080 in
1122 2048 1302 2088 granarium

892 2097 952 2128 Per
975 2096 1110 2137 Ioseph,
1140 2097 1253 2127 testem
1278 2103 1339 2126 non
1365 2102 1438 2133 pro-

1214 2142 1332 2180 fanum,

936 2191 1023 2223 Deus
1048 2200 1106 2231 per
1131 2190 1354 2229 septenarium,

889 2239 943 2272 Sic
954 2238 1054 2270 mittit
1066 2246 1198 2279 granum
1208 2247 1270 2270 non
1280 2238 1314 2269 in
1323 2246 1437 2269 vanum

937 2287 1065 2318 Ventris
1088 2287 1122 2317 in
1147 2285 1332 2325 sacrarium,

888 2335 978 2375 Quod
1003 2334 1172 2365 humanum
1197 2335 1304 2364 manet
1327 2341 1436 2363 sanum

935 2381 1075 2420 Virginis
1101 2381 1283 2412 armarium.
