1655 2573
152 196 208 235 12.
234 200 355 241 Corpus
380 197 463 234 iilud
487 203 619 242 regium,

279 257 394 289 corpus
418 249 628 292 impollutum,

234 295 390 336 Singulari
415 305 557 336 purpura

280 342 441 383 sanguinis
464 343 627 379 imbutum,

234 389 426 430 Sagittarum
450 390 561 423 iaculis

280 437 420 469 cernitur
444 437 609 477 hirsutum,

237 484 306 515 Nec
330 485 466 516 certanti
491 483 592 516 defuit

283 531 350 570 regi
376 540 432 564 rex
457 531 618 566 virtutum,

154 616 207 648 13.
234 614 432 647 Perfidorum
456 615 561 647 studio

283 663 378 702 eaput
402 661 592 693 occultatum

237 708 326 740 Voce
348 707 411 748 piis
434 709 566 748 propria

282 753 373 786 fulsit
398 755 605 795 declaratum,

234 801 282 834 Ut,
304 801 348 833 sit
367 801 453 834 idem
481 802 605 843 integre

279 849 430 882 membris
455 852 646 890 coaptatum,

233 895 385 928 Nostrum
411 897 531 928 cunctis
554 899 727 935 martyrem

283 942 398 974 reddat
422 943 683 975 commendatum.

762 96 778 103 a

758 103 893 140 71—

831 203 884 236 14.
912 201 1067 234 Animatis
1093 201 1195 242 gloria

958 250 1039 290 signi
1063 251 1129 281 tam
1153 249 1323 289 praeclari,

912 296 981 329 Rex
1001 299 1033 327 et
1058 299 1189 337 martyr,
1217 297 1348 329 subveni

961 352 1056 384 prece
1080 343 1223 382 salutari,

916 391 962 423 Ut
984 399 1078 422 unum
1102 390 1137 422 in
1161 391 1270 430 lapide

963 438 1059 469 simus
1085 438 1238 477 angulari,

918 484 1097 516 Gloriantes
1123 484 1220 523 capiti

963 532 1104 563 membra
1126 532 1279 571 coaptari.

837 616 890 648 15.
918 615 1080 648 Unitatem
1105 616 1231 647 interim

961 665 1090 693 sanctae
1115 662 1255 694 caritatis

913 708 1033 740 Probet
1054 709 1245 740 unanimitas

960 754 1062 787 bonae
1083 755 1265 795 voluntatis,

917 802 963 834 Ut
984 802 1017 833 in
1042 811 1136 834 unam
1158 800 1237 834 fidei

962 849 1096 889 gratiam
1119 849 1240 881 vocatis

913 896 1049 928 Unicum
1072 897 1115 927 sit,
1137 896 1312 935 praemium

960 952 1024 983 pax
1046 943 1254 975 aeternitatis.

214 1006 296 1033 Orat.
318 1015 371 1033 ms.
393 1006 588 1042 Anglieanum
608 1014 683 1035 saec.
705 1005 749 1034 13.
788 1007 858 1035 Ood.
878 1007 1042 1035 Londinen.
1063 1007 1112 1034 Ar.
1132 1005 1197 1035 201.

512 1134 567 1165 151.
598 1135 640 1165 De
660 1144 683 1166 s.
706 1134 851 1166 Eduardo
873 1134 1060 1166 confessore.

151 1215 181 1246 1.
208 1214 277 1246 Rex
301 1214 473 1256 Edwarde,
501 1215 618 1246 celebri

253 1261 424 1301 splendens
450 1261 616 1300 caelibatu,

207 1308 380 1348 Dignitatis
405 1309 511 1348 regiae

251 1355 374 1394 pollens
398 1356 590 1395 principatu,

207 1402 244 1434 In
269 1402 331 1433 hoc
355 1402 575 1434 oberrantibus

253 1448 346 1480 vallis
368 1449 509 1480 incolatu

208 1496 273 1536 Pio,
299 1495 451 1535 princeps
474 1495 595 1538 inclite,

252 1541 385 1575 subveni
411 1543 539 1575 ducatu.

143 1628 173 1660 2.
200 1628 238 1660 In
263 1630 295 1658 te
318 1628 539 1660 concurrentia

249 1678 322 1706 vota
346 1674 540 1714 singulorum

203 1720 305 1753 Felici
327 1723 492 1762 praesagio

249 1767 358 1801 functa
382 1768 569 1810 futurorum,

203 1816 350 1848 Clausum
376 1815 480 1848 adhuc
505 1817 659 1849 viscerum

249 1863 331 1895 cella
355 1866 568 1896 maternorum

201 1910 246 1943 Te
271 1909 410 1944 futurum
436 1911 557 1952 eligunt

246 1959 423 1999 principem
447 1959 632 1999 Anglorum.

142 2035 172 2067 3.
200 2034 274 2068 Tibi
300 2034 427 2067 Christo
452 2035 559 2067 studia

244 2085 449 2123 promovente
472 2083 527 2123 pia

198 2129 309 2162 Totius
334 2130 461 2170 imperii

246 2177 343 2210 cessit,
366 2178 557 2223 monarchia,

198 2225 339 2266 Regente
363 2235 421 2266 per
443 2226 547 2258 omnia

245 2272 368 2314 virgine
392 2273 508 2314 Maria,

197 2320 254 2353 Cui
278 2323 311 2353 te
336 2322 509 2354 devoveras

244 2369 303 2402 hac
328 2369 363 2401 in
386 2370 471 2402 vitae
495 2368 557 2402 via.

830 1216 861 1248 4.
890 1215 980 1246 Vitae
1005 1214 1054 1246 vir
1078 1214 1248 1254 angelicae,

933 1270 1072 1294 summae
1096 1263 1146 1293 vir
1169 1262 1306 1302 virtutis,

885 1309 924 1340 In
948 1308 1009 1340 hac
1031 1308 1112 1348 iugis
1137 1308 1207 1340 acie

933 1363 1056 1394 pugnae
1081 1355 1258 1387 constitutis

884 1401 960 1433 Dux
985 1402 1064 1433 assis
1088 1402 1221 1433 militiae

932 1451 1078 1488 tutorque
1102 1449 1224 1489 salutis,

887 1495 998 1527 Totius
1022 1496 1183 1536 nequitiae

932 1542 1066 1575 nexibus
1088 1544 1211 1576 solutis

827 1629 858 1661 5.
885 1628 959 1660 Toti
981 1628 1100 1659 mundo
1125 1627 1254 1661 Domini

929 1673 1096 1715 proferens
1122 1684 1273 1716 amorem,

883 1721 990 1762 Ipsum
1012 1722 1098 1754 vitae
1123 1723 1252 1756 caelibis

930 1770 1071 1810 sequeris
1096 1778 1266 1814 auctorem,

882 1816 1029 1857 Dumque
1052 1819 1266 1850 necessarium

930 1865 1017 1905 genti
1041 1865 1125 1905 geris
1149 1874 1279 1906 morem,

884 1911 982 1950 Quam
1007 1912 1194 1954 despondes,
1222 1913 1375 1954 virginem

927 1960 1020 1998 nosti,
1046 1969 1108 1993 non
1132 1969 1272 1993 uxorem.

824 2037 856 2068 6,
883 2034 934 2068 Ex
958 2044 1113 2068 consensu
1135 2038 1243 2068 mutuo

926 2085 1056 2115 sanctae
1080 2083 1236 2115 castitatis

881 2131 1003 2163 Vernat,
1025 2131 1059 2162 in
1084 2130 1229 2172 coniugio

923 2176 982 2210 flos
1005 2178 1208 2220 virginitatis,

880 2225 949 2258 Nec
972 2226 1057 2258 inter
1078 2226 1210 2258 delicias

928 2277 1037 2306 tantae
1060 2273 1236 2306 maiestatis

883 2321 924 2353 Se
950 2320 1087 2353 carnalis
1112 2321 1230 2361 ingerit

929 2369 1026 2400 ardor
1050 2367 1232 2407 voluptatis,
