1655 2573
245 415 299 448 75.

241 1248 295 1281 10.

240 1482 294 1514 15.

242 1807 272 1840 1.

742 177 996 213 -1‘74—

323 275 423 307 Beata
447 274 616 316 Sapientia,

324 322 410 353 Vera
436 322 537 353 salute
560 320 681 362 florida,

324 369 370 400 Te
394 368 524 399 thronus
549 367 611 399 fert
637 367 796 407 angelicus

325 414 440 446 Tribus
463 415 585 445 iunctus
610 414 789 452 virtutibus,

324 461 405 499 Quas
415 461 538 492 Christo
547 469 661 499 sponso
671 460 841 497 nutrivisti,

323 507 385 538 Hic
414 515 481 537 cum
505 507 538 537 in
562 506 656 537 terris
683 506 839 537 exstitisti.

324 554 400 585 Cum
421 553 482 584 tuis
506 553 598 591 natis,
624 555 725 584 mater
748 553 811 592 pia,

321 599 447 631 Dilecta
470 599 537 630 Deo
562 608 579 631 ο
605 600 733 639 Sophia,

912 275 966 306 80.
993 273 1055 305 Pro
1078 281 1127 304 me
1143 272 1312 305 Dominum
1331 272 1514 312 deprecare,

992 321 1039 353 Ut
1065 328 1116 351 me
1139 320 1218 351 velit
1241 320 1403 360 adiuvare,

992 366 1132 398 Mentem
1160 375 1260 398 meam
1284 367 1447 398 illustrare

992 414 1098 452 Atque
1121 413 1219 445 vitam
1244 413 1404 445 adorna-re

994 461 1071 492 Cum
1095 460 1197 491 tribus
1223 460 1272 491 his
1296 460 1477 503 virtutibus,

958 531 966 539 .
993 506 1038 539 Ut
1062 509 1134 546 post
1159 507 1221 538 Dei
1247 507 1408 539 obtutibus

990 553 1149 585 Iucunder
1172 554 1205 585 in
1231 553 1418 585 caelestibus

989 600 1128 633 Adiutus
1153 601 1267 633 vestris
1291 600 1450 640 precibus.

303 663 381 690 Orat.
402 672 453 690 ms.
474 663 656 691 carthusiam
677 672 751 691 saec.
774 662 817 691 15.
857 663 926 691 Cod.
948 664 1041 700 Capit.
1061 666 1209 692 Treviren.
1232 663 1292 692 116.

650 763 715 795 325.
745 764 787 795 De
806 766 911 795 saneto
932 764 1093 804 Stephano.

321 832 435 863 Sancte
443 832 609 876 Stephane,
621 835 741 871 martyr
749 833 876 873 Christi,

323 878 380 916 Qui
405 879 524 918 primus
550 887 617 909 esse
641 879 782 910 meruisti

324 924 510 965 Sanguinem
527 934 586 964 pro
600 925 725 958 Christo
739 924 840 966 fundi,

323 971 381 1008 Qui
404 971 478 1002 tulit.
500 974 631 1011 peccata
654 972 780 1003 mundi:

296 1043 302 1049 .
328 1017 454 1048 Exaudi
476 1027 561 1049 nunc
580 1026 631 1049 me
655 1019 802 1049 miserum

321 1063 358 1095 In
383 1064 522 1102 peccatis
549 1065 758 1103 deperditum,

322 1109 439 1141 Summi
463 1111 545 1150 regis
569 1114 676 1142 natum

323 1155 469 1187 Graviter
492 1160 693 1198 prostratum,

322 1202 383 1233 Tot
407 1203 491 1233 vitiis
515 1204 719 1246 vulneratum,

322 1249 351 1279 A
378 1249 528 1280 daemone
553 1251 752 1289 captivatum.

322 1295 346 1327 O
371 1298 492 1335 martyr
517 1296 634 1328 Christi
658 1297 826 1341 Stephane,

321 1342 344 1373 Ο
369 1345 492 1382 martyr
514 1343 728 1385 invictissime,

319 1388 449 1420 Manum
472 1391 557 1420 tuam
581 1390 718 1430 porrige,

320 1434 375 1465 Me
399 1435 567 1466 clementer
592 1444 664 1466 erue

320 1481 383 1513 Hic
408 1481 448 1512 de
471 1480 613 1513 faucibus
640 1483 784 1514 draconis

322 1527 435 1558 Ditans
461 1528 645 1559 caelestibus
672 1529 771 1562 doniS.

320 1576 349 1605 A
374 1575 512 1613 peccatis
536 1583 587 1606 me
611 1574 746 1607 defende

994 834 1038 865 Et
1062 833 1220 866 Christum
1245 835 1323 866 mihi
1348 835 1488 872 ostende,

993 881 1089 919 Quem
1123 880 1230 911 vidisti
1256 882 1341 912 caelo
1366 883 1512 923 stantem,

911 928 966 960 20.
995 926 1087 959 Circa
1111 929 1233 966 patrem
1258 927 1480 965 ambulantem,

994 973 1088 1006 Cuius
1108 974 1163 1012 pia
1187 972 1327 1006 defensio

990 1020 1188 1059 Exspectans
1214 1023 1245 1051 te
1269 1029 1338 1052 cum
1362 1021 1488 1060 gaudio.

990 1066 1098 1097 Victor
1121 1067 1313 1099 invincibilis

990 1112 1145 1152 Ultorque
1170 1114 1331 1152 terribilis,

957 1185 963 1192 .
992 1160 1054 1191 Pro
1078 1160 1193 1199 iniquis
1219 1161 1367 1200 exorasti,

990 1205 1181 1244 Exemplum
1204 1207 1295 1238 nohis
1322 1207 1456 1246 donasti,

989 1252 1036 1284 Ut
1058 1253 1201 1284 inimicos
1228 1253 1392 1293 diligamus

989 1298 1034 1330 Et
1057 1299 1104 1330 sic
1128 1302 1257 1331 aeterna
1282 1300 1452 1340 capiamus.

989 1345 1052 1376 Hic
1076 1346 1123 1377 sic
1145 1346 1260 1389 vivam,
1286 1356 1345 1386 pro
1370 1356 1421 1378 me
1444 1357 1509 1389 ora,

956 1417 963 1424 .
989 1392 1034 1424 Ut
1057 1393 1158 1424 laetus
1182 1393 1215 1425 in
1239 1394 1349 1425 mortis
1374 1395 1452 1426 hora

988 1438 1119 1471 Dicam:
1146 1440 1302 1480 spiritum,
1327 1441 1398 1473 Iesu
1418 1441 1511 1481 bone,

988 1485 1094 1516 Meum
1119 1487 1226 1525 recipe
1248 1487 1282 1518 in
1307 1496 1416 1529 agone,

988 1531 1044 1571 Ut,
1052 1532 1106 1563 ubi
1113 1532 1378 1572 Stephanusnunc
1385 1535 1510 1576 gaudet,

990 1577 1066 1609 Cum
1079 1579 1196 1610 sanctis
1211 1580 1331 1620 angelis
1346 1584 1379 1612 te
1390 1581 1510 1614 laudet.

301 1637 379 1664 Orat.
399 1647 451 1666 ms.
473 1638 654 1667 Carthusian.
675 1648 749 1668 saec.
771 1640 815 1668 15.
854 1641 924 1669 Cod.
945 1641 1038 1677 Capit.
1057 1643 1206 1670 Treviren.
1228 1642 1291 1671 116.

643 1739 708 1770 326.
737 1740 780 1770 De
800 1742 905 1772 sancto
925 1741 1088 1782 Stephano.

299 1805 466 1846 Stephane,
492 1810 525 1838 te
548 1808 643 1839 laude
667 1809 802 1848 plenum,

297 1853 359 1885 Cor
382 1853 547 1886 habentem
572 1864 634 1886 non
659 1855 836 1895 obscenum,

297 1900 361 1931 Sed
385 1909 557 1944 amoenum,
585 1902 676 1933 dulce
698 1901 821 1934 frenum

296 1947 423 1989 Mentis,
450 1948 513 1979 oris
538 1951 632 1988 atque
656 1958 780 1984 renum:

296 1993 400 2024 Duces
424 1995 533 2026 mundi
558 1996 720 2035 elegerunt

295 2038 473 2081 Viduisque
496 2041 717 2081 praefecerunt

341 2087 477 2119 Excelso
501 2089 678 2129 privilegio,

296 2134 483 2165 Iudaeorum
507 2136 540 2166 in
563 2136 681 2168 insultu

298 2179 492 2212 Constitutus
517 2182 551 2213 in
576 2184 719 2214 consultu

294 2227 410 2266 Angeli
433 2228 637 2267 resplendens
661 2231 749 2261 vultu

295 2273 343 2304 Tu
366 2274 400 2305 in
425 2274 578 2307 eastitatis
604 2276 689 2307 cultu

296 2320 384 2352 Bene
406 2330 547 2353 normam
574 2322 629 2354 das
653 2323 790 2364 vivendi,

296 2367 363 2399 Das
388 2376 421 2399 es
446 2367 578 2400 formam
602 2370 745 2408 patiendi

342 2414 415 2447 Toti
440 2415 558 2447 Christi
583 2416 722 2458 collegio,

910 1812 938 1842 2.
965 1811 1089 1844 Corona
1112 1812 1332 1852 interpretaris

967 1859 1074 1898 Atque
1099 1859 1181 1890 iuste
1205 1860 1252 1891 sic
1275 1862 1408 1902 vocaris,

966 1905 1048 1936 Nam
1072 1914 1105 1937 es
1129 1909 1302 1945 martyrum
1328 1917 1444 1941 corona

965 1952 1024 1992 Tu,
1050 1953 1174 1993 egregia
1195 1962 1341 1995 persona,

964 1999 1008 2030 Et
1031 1999 1114 2031 hanc
1139 2000 1324 2039 dignitatem
1349 2003 1447 2042 capis,

965 2045 1048 2077 Nam
1071 2046 1190 2078 vexilla
1212 2051 1314 2080 morte
1337 2050 1425 2089 rapis

1011 2093 1094 2125 Prae
1117 2093 1260 2126 omnibus
1279 2095 1450 2137 intrepide.

966 2139 1082 2172 Sancto
1107 2140 1223 2179 spiritu
1245 2143 1395 2185 repletus,

967 2185 1061 2217 Cuius
1085 2187 1118 2217 vi
1142 2190 1175 2218 et
1198 2188 1280 2220 dono
1304 2188 1405 2221 fretus

967 2233 1081 2264 Falsos
1104 2235 1202 2264 testes
1228 2235 1430 2277 disputando,

965 2279 1079 2310 Omnes
1103 2279 1210 2311 hostes
1234 2281 1430 2322 increpando

965 2325 1130 2365 Superasti
1155 2326 1356 2370 confutando,

964 2372 1114 2405 Rationes
1138 2374 1254 2408 multas
1280 2376 1385 2409 dando

1013 2420 1201 2453 Constanter
1225 2424 1319 2463 atque
1342 2425 1460 2466 lepide.
