1655 2573
775 172 817 180 —
869 150 938 188 124
984 169 1031 175 —-

695 244 761 275 245.
792 244 835 274 De
855 243 961 273 sancto
982 238 1121 278 Aegidio.

274 317 303 349 1.
332 316 357 348 Ο
380 316 506 355 Aegidi‚
531 315 727 347 Athenarum

327 363 413 395 Urbs
438 365 470 393 te
495 361 575 393 fovit
598 360 694 392 valde
720 360 839 390 clarum

373 409 483 440 Ortum
508 408 610 447 stirpe
634 405 731 444 regia,

326 455 372 485 Te
399 463 418 484 a
443 453 530 484 cunis
556 451 730 490 benedixit,

324 500 370 531 Te
394 500 426 529 in
452 499 552 529 virum
580 498 706 528 doctum
732 498 816 526 vexit

369 545 437 576 Lex
462 543 579 575 Christi
606 542 739 582 egregia.

291 627 297 633 .
325 601 461 638 Propter
484 599 585 638 legem
609 598 692 629 hanc
717 597 848 628 eandem

326 646 446 677 Cuncta
471 646 555 677 bona
578 645 694 684 linquis
720 644 847 675 tandem

368 691 534 723 Defunctis
559 691 744 731 parentibus

321 739 366 771 Et
389 739 539 770 heredem
565 738 724 770 Christum
749 737 837 779 facis:

323 786 405 818 Dum
430 785 464 816 in
488 786 592 817 locum
616 788 718 816 tutum
742 784 819 816 iacis

370 832 484 864 Dando
509 832 570 863 hoc
594 831 769 871 egentibus,

292 913 299 920 .
325 888 394 920 Tua
419 888 515 919 vestis
541 896 670 927 aegrum
693 891 795 927 sanat,

321 934 416 965 Virus
441 934 526 974 sepis
551 937 637 965 retro
661 937 770 965 manat

369 981 439 1012 ¹Tua
464 989 560 1020 prece
583 981 700 1019 valida,

325 1028 372 1059 Tu
396 1028 553 1059 triennem
577 1027 700 1059 febrem
724 1027 823 1071 fugas,

323 1075 374 1105 Ab
400 1074 528 1106 obsesso
556 1075 688 1106 daemon
714 1084 813 1114 nugas

366 1121 463 1161 Fugit
485 1125 518 1153 te
541 1122 574 1154 vi
596 1122 752 1161 squalida.

291 1204 298 1210 .
325 1177 537 1218 Tempestatis
562 1177 798 1218 tranquillator,

319 1223 573 1263 Naufragantum
597 1224 753 1256 liberator

365 1271 396 1303 A
418 1271 540 1303 marino
564 1271 726 1310 barathro.

320 1317 369 1349 Tu
393 1318 491 1349 vertis
517 1318 719 1350 sterilitatem

318 1364 439 1396 Terrae
462 1365 496 1396 in
520 1363 719 1396 fertilitatem

365 1411 482 1443 Sacrae
505 1412 610 1451 precis
634 1415 750 1446 aratro.

287 1495 294 1502 ,
319 1467 370 1499 Ex
394 1467 444 1498 his
469 1468 565 1507 gestis
590 1469 704 1499 timens
731 1470 799 1509 capi

317 1514 363 1546 Et
386 1515 428 1546 ad
452 1524 566 1547 vanam
589 1515 717 1547 laudem
742 1517 813 1556 rapi

366 1561 500 1593 Sanctus
525 1562 752 1603 adversariam,

317 1608 369 1640 Ab
393 1608 454 1640 hac
478 1611 564 1641 tutus
590 1618 659 1641 esse
683 1610 792 1642 volens

319 1655 369 1686 Tu
394 1655 553 1687 desertum
578 1657 661 1696 petis
688 1657 792 1689 colens

365 1702 472 1735 Vitam
496 1703 681 1736 solitariam.

284 1783 293 1791 .
318 1759 446 1791 Iuvenis
469 1758 526 1790 sub
552 1760 651 1799 spinis
675 1760 722 1792 ibi

317 1805 482 1843 Quoddam
507 1808 633 1838 antrum
656 1802 763 1848 aptum
788 1809 848 1840 tibi

363 1853 426 1885 Pro
451 1853 564 1892 quietis
590 1855 703 1897 spatio,

315 1900 412 1932 Parvi
437 1899 534 1932 fontis
557 1910 671 1933 venam
695 1906 818 1943 gratam

971 310 1002 341 ¹7.

944 1178 995 1211 10.

941 1470 996 1504 11.

938 1765 993 1797 12.

1029 307 1114 345 Quae
1139 306 1200 338 tibi
1224 302 1445 335 subserviebat

1031 353 1133 385 Certis
1158 352 1245 383 horis
1272 353 1303 381 et
1327 349 1505 391 praebebat

1074 399 1184 431 Laetis
1209 397 1401 436 alimoniam,

1028 446 1086 478 Cui
1110 444 1148 477 fis
1174 445 1295 476 orando
1320 444 1406 484 aegis

1026 493 1144 525 Contra
1168 494 1334 524 venatores
1355 491 1449 531 regis,

1073 539 1193 572 Canum
1218 538 1432 570 acrimoniam.

993 621 1002 629 .
1026 595 1222 637 Vulneraris‚
1248 594 1412 635 inveniris,

1025 642 1099 681 Quis
1126 645 1158 673 et
1182 642 1284 682 qualis
1310 642 1465 681 experiris

1071 690 1102 721 A
1127 697 1212 729 rege,
1237 687 1398 730 pontifice,

1023 736 1073 768 Ne
1098 736 1227 779 cureris,
1255 739 1291 767 tu
1315 736 1468 776 precaris,

1025 783 1129 815 Multa
1154 783 1237 815 dona
1262 783 1442 824 aspernaris

1072 830 1224 862 Praebita
1246 829 1404 863 munifice.

993 913 996 914 ⁷
1022 886 1075 918 Ex
1091 886 1141 917 his
1161 886 1333 917 claustrum
1350 886 1440 918 iubes
1458 889 1545 931 strui⁷

1025 933 1138 966 Victus
1166 942 1262 973 prece
1286 933 1371 973 regis
1394 934 1441 964 tui

1072 980 1131 1020 Tu,
1157 983 1260 1021 pater,
1286 979 1479 1024 praeficeris,

1025 1027 1072 1060 Ob
1097 1037 1242 1067 magnam
1267 1028 1466 1059 sanctitatem

1023 1076 1109 1107 Ante
1133 1084 1278 1115 magnam
1303 1075 1498 1107 maiestatem

1070 1122 1185 1153 Karoli
1210 1122 1359 1154 alliceris.

1023 1178 1164 1218 Angelus
1189 1181 1265 1209 tunc
1288 1178 1347 1210 tibi
1374 1177 1478 1210 defert

1025 1225 1548 1267 Cartam‚quaeiamregispraefert

1071 1272 1180 1304 Scelus
1204 1273 1455 1305 enormissimum

1021 1320 1158 1359 Propter
1181 1322 1215 1351 te
1239 1320 1401 1352 dimissum
1426 1329 1494 1352 esse

1021 1366 1074 1407 Et,
1100 1367 1154 1406 qui
1175 1366 1273 1399 habet
1297 1376 1358 1407 par
1380 1376 1518 1411 necesse,

1066 1413 1195 1447 Dimitti
1220 1415 1439 1448 certissimum.

1019 1470 1545 1512 Dehincquidamprincepsnatum

1021 1517 1150 1558 Recipit
1173 1519 1394 1551 resuscitatum

1066 1566 1131 1597 Per
1155 1568 1188 1597 te
1213 1574 1284 1597 cum
1308 1566 1440 1599 laetitia.

1021 1612 1085 1645 Ora
1109 1613 1191 1645 solvi
1215 1613 1277 1653 hie,
1303 1614 1348 1645 mi
1370 1616 1472 1654 pater,

1022 1659 1161 1691 Cunctas
1177 1661 1304 1704 culpas,
1330 1669 1371 1693 ne
1388 1670 1460 1701 seps
1478 1663 1546 1693 ater

1068 1707 1168 1739 Voret
1191 1716 1242 1739 me
1266 1708 1410 1742 saevitia.

1020 1763 1153 1803 Semper
1175 1764 1258 1797 habe
1282 1774 1333 1797 me
1356 1768 1545 1808 protectum,

1022 1810 1147 1843 Suscita
1171 1821 1222 1844 me
1247 1813 1453 1845 seminectum

1065 1858 1111 1891 Et
1134 1868 1185 1891 me
1208 1860 1328 1892 laesum
1352 1861 1485 1899 medica,

1019 1904 1064 1937 Ut
1088 1915 1108 1938 a
1134 1907 1255 1940 cunctis
1279 1908 1372 1939 malis
1397 1910 1486 1940 veter

314 1946 354 1979 In
378 1947 532 1979 nutricem
557 1952 791 1992 praeparatam,

1016 1952 1061 1984 Et
1084 1953 1119 1985 in
1145 1954 1241 1986 caelis
1265 1957 1369 1986 tecum
1391 1956 1506 1999 laeter,

363 1994 496 2027 Cervam
520 2004 579 2035 pro
604 1996 734 2029 solacio.

1061 2001 1117 2032 Me
1143 2001 1260 2034 virtute
1285 2003 1408 2036 dedica.

319 2057 399 2085 Orat.
425 2068 478 2086 ms.
500 2059 683 2088 Carthusian.
704 2070 780 2089 saec.
803 2060 847 2090 15.
888 2063 956 2091 Cod.
979 2063 1081 2099 Capid.
1102 2066 1252 2095 Treviren,
1274 2065 1338 2095 116.
1358 2082 1395 2087 —
1415 2066 1441 2103 3,
1462 2066 1479 2095 5
1501 2075 1545 2104 sq.

244 2094 373 2123 offenbar
389 2096 560 2125 verdorbem

682 2189 750 2220 246.
778 2189 822 2220 De
842 2192 953 2222 saneta
972 2192 1110 2231 Agatha.

259 2253 289 2285 1.
315 2252 394 2290 Ave,
420 2252 554 2292 pulchra
579 2254 697 2286 Christi
721 2265 849 2299 sponsa,

314 2298 452 2340 Agatha,
479 2308 560 2339 quae
584 2300 666 2332 sicut
689 2303 781 2336 tonsa

316 2345 390 2377 Ovis
416 2344 482 2377 feta
506 2347 661 2378 scandens
685 2348 752 2380 lota

317 2392 384 2424 Iam
409 2393 543 2432 explesti
567 2396 623 2425 tua
644 2397 727 2429 vota.

935 2262 965 2293 2.
993 2260 1089 2292 Clara
1111 2265 1188 2294 nata
1211 2267 1388 2308 parentela,

990 2306 1095 2338 Valde
1118 2310 1261 2347 prudens
1284 2313 1320 2344 in
1343 2314 1484 2358 loquela,

992 2353 1082 2384 Inter
1107 2354 1301 2391 Catanenses
1328 2361 1413 2394 cives

990 2399 1092 2432 Fama
1117 2401 1277 2444 rebusque
1300 2410 1483 2446 praedives.
