1655 2573
233 246 312 279 248.

233 594 312 625 249.

234 896 311 928 250.

233 1198 312 1230 251.

236 1500 313 1531 252.

236 1848 313 1881 253.

235 2150 314 2183 254.

747 145 997 180 -224—

326 245 497 277 inveterati
518 244 600 284 quod
626 247 674 275 est
696 242 802 281 moris,

324 292 471 325 Iohannis
486 291 603 324 Christi
626 288 841 330 praecursoris

371 340 477 379 Imago
502 339 584 377 quod
607 335 797 376 imprimitur

326 385 470 417 Florenis
494 384 658 424 aureisque
681 382 825 422 nummis,

326 433 413 464 Inter
464 430 591 461 metalla
638 432 795 466 tamquam

618 474 757 514 summis,

370 523 414 554 Et
435 523 535 554 literis
562 522 757 561 exprimitur.

325 592 368 624 Et
391 593 472 623 sicut
494 600 603 623 aurum
627 591 807 631 principatu

324 638 456 671 Metalla
480 639 615 680 quaevis,
643 639 807 677 potentatu

370 685 511 716 Realiter
536 688 712 724 exsuperat,

324 731 377 764 Sic
402 740 491 763 carus
516 740 602 763 meus
627 731 782 771 ampliori,

324 778 546 819 Praerogativa
569 778 685 818 potiori

370 826 513 856 Amicum
538 827 623 857 tuum
647 827 785 865 superat.

326 898 404 929 Pars
418 895 512 927 alt'ra
526 895 617 927 dicit:
633 895 730 927 Carus
743 903 842 933 meus,

327 944 407 975 Prae
421 942 531 973 ceteris
545 949 635 981 quem
649 944 734 973 amat
744 941 841 980 Deus,

374 989 406 1021 Si
433 988 552 1020 cautius
577 988 770 1027 adverteres,

325 1035 521 1067 Numismate
546 1037 585 1067 de
609 1035 769 1074 trinitatis¹

326 1081 513 1114 Nostrorum
544 1090 669 1113 nummo
695 1081 842 1122 civitatis,

372 1129 433 1160 Hic
456 1128 608 1167 imprimit
634 1130 818 1162 caracteres,

327 1197 391 1231 Sed
403 1206 514 1229 aurum
530 1197 652 1237 quando
671 1198 843 1237 peioratur,

326 1245 511 1285 Aeruginat‚
539 1244 737 1276 decoloratur

371 1290 415 1322 Et
438 1291 571 1323 vertitur
594 1291 627 1322 in
652 1291 795 1331 scoriam,

326 1338 415 1369 Tunc
429 1337 493 1369 cari
506 1338 568 1369 mei
582 1339 706 1378 quidem
719 1347 844 1371 nummo

329 1384 495 1416 Caractere
518 1385 639 1424 signato
663 1394 781 1416 summo

373 1430 542 1461 Aeternam
565 1429 687 1462 confert
701 1431 843 1473 gloriam.

328 1499 412 1531 Hinc
425 1503 472 1531 est
485 1499 640 1538 baptistae
649 1509 844 1541 praeponen-

624 1547 681 1578 dus

327 1593 568 1632 Honoribusque
592 1593 817 1633 praeferendus

374 1638 515 1671 Millenis
539 1639 625 1671 mille
649 1640 784 1680 milibus,

328 1687 372 1719 Ut
396 1687 501 1724 aquila
523 1686 699 1718 sublimiori

329 1732 560 1772 Praerogativa‚
587 1733 702 1772 potiori

374 1778 558 1810 Praefertur
584 1779 772 1813 volatilibus,

328 1849 406 1881 Pars
422 1849 525 1887 prima
542 1848 636 1880 dicit:
657 1850 743 1882 Scias
762 1859 844 1891 vere,

326 1895 460 1927 Romani
485 1895 567 1927 cives
593 1896 676 1935 quod
701 1905 818 1928 novere

372 1942 558 1974 Praesentes
583 1946 614 1974 et
637 1944 811 1982 praeteriti,

328 1988 416 2027 Quod
433 1989 482 2020 vir
502 1989 633 2020 dilectus
652 1989 756 2022 cordis
773 1992 844 2035 mei,

326 2034 490 2073 Iohannes,
507 2036 643 2074 prodens
653 2045 765 2076 agnum
774 2037 846 2079 Dei,

372 2081 433 2112 Est
457 2082 639 2113 excellentis
663 2083 768 2114 meriti

328 2151 378 2182 Ex
404 2159 449 2189 eo,
480 2153 551 2191 quia
575 2153 734 2185 Laterana

328 2197 466 2230 Basilica
489 2200 524 2229 ut
549 2204 697 2231 veterana

375 2244 587 2276 Ecclesiamm
614 2246 739 2278 domina

328 2292 366 2323 In
390 2291 456 2323 eius
479 2291 574 2324 laude
598 2295 644 2323 est
668 2292 803 2326 fundata

329 2338 589 2379 Sollemniterque
614 2337 768 2383 dedicata,

375 2385 418 2417 Ut
441 2385 529 2425 pacis
554 2385 637 2419 ferat
660 2388 719 2419 01⁸

901 239 978 272 255.

900 591 978 623 256.

902 942 979 975 257.

902 1246 978 1278 258.

903 1550 981 1583 259.

995 239 1034 270 In
1059 236 1146 268 cuius
1171 245 1229 268 ara
1251 234 1423 274 principali

994 284 1145 316 Servatur
1162 291 1271 315 mensa
1288 289 1356 313 cum
1375 279 1517 323 mensali,

1040 332 1077 363 In
1103 339 1165 369 qua.
1190 328 1313 360 cenavit
1338 326 1494 359 Dominus

994 377 1170 416 Discipulis
1197 385 1266 408 cum
1294 374 1457 416 duodenis,

993 425 1077 457 Dum
1102 423 1236 455 nummis
1262 422 1347 454 venit
1373 431 1432 461 pro
1458 423 1520 452 trc-

1295 469 1391 511 cenis,

1038 518 1082 550 Et
1106 518 1196 557 virga
1219 516 1434 556 nihilominus,

995 592 1092 628 Quam
1135 588 1258 619 aridam
1299 590 1375 618 tunc
1411 587 1519 619 Aaron

1295 634 1403 674 gessit,

992 683 1043 715 Ex
1068 690 1105 713 ea
1130 682 1255 722 quando
1277 680 1334 713 flos
1352 681 1519 722 processit,

1039 730 1085 762 Et
1107 738 1189 761 urna
1212 731 1303 761 vetus
1328 737 1434 769 aurea,

995 777 1140 809 Caeleste
1157 784 1272 807 manna
1288 784 1349 816 qua
1362 779 1518 815 servatur,

992 823 1036 855 Et
1048 823 1149 856 vellus
1162 823 1290 862 siccum,
1305 822 1389 861 quod
1397 823 1519 861 rigatur

1043 870 1189 902 Ieroboal
1213 869 1246 900 in
1272 877 1356 901 arca.

994 941 1158 980 Huiusque
1182 949 1257 972 arae
1280 948 1346 971 mos
1372 943 1421 971 est
1445 940 1519 971 talis

996 987 1239 1027 Praerogativae
1264 987 1424 1027 specialis,

1040 1034 1210 1066 Missarum
1245 1033 1328 1073 quod
1354 1034 1520 1065 sollemnia

993 1082 1031 1113 In
1044 1082 1104 1113 hac
1116 1090 1178 1112 non
1187 1081 1256 1119 quit
1263 1082 1332 1120 quis
1343 1081 1515 1123 celebrare,

994 1128 1053 1166 Qui
1076 1136 1151 1158 arae
1174 1129 1245 1160 iura
1270 1135 1459 1160 conservare

1042 1174 1187 1207 Voluerit
1209 1174 1379 1212 indemnia,

995 1245 1038 1276 Ni
1062 1253 1199 1276 summus
1224 1242 1369 1283 pontifex
1395 1245 1519 1285 papalis

994 1292 1212 1331 Episcopusve
1237 1291 1428 1331 cardinalis3

1042 1338 1127 1370 Hinc
1150 1347 1241 1370 carus
1267 1347 1353 1369 meus
1378 1338 1490 1370 merito

994 1385 1056 1417 Est
1086 1393 1158 1417 caro
1184 1388 1238 1417 tuo
1264 1385 1519 1426 praeponendus,

995 1432 1112 1464 Maiori
1135 1432 1231 1464 laude
1254 1431 1484 1473 praeferendus

1043 1479 1093 1511 Ex
1117 1489 1201 1511 nunc
1224 1483 1259 1510 ut
1284 1480 1317 1511 in
1335 1480 1517 1518 praeterito.

998 1550 1075 1581 Pars
1101 1549 1195 1581 alt’ra
1221 1549 1300 1581 dicit
1324 1551 1514 1589 provocata:

998 1595 1153 1635 Suffragia
1177 1599 1251 1628 sunt
1274 1597 1456 1629 mendicata

1043 1643 1141 1682 Haec,
1153 1642 1264 1682 quibus
1276 1643 1521 1686 nuncinniteris,

996 1689 1080 1721 Nam
1096 1691 1217 1721 eunetis
1235 1691 1357 1722 civibus
1370 1691 1522 1723 Romanis

997 1736 1222 1777 indigenisque
1245 1737 1424 1778 Lateranis,

1046 1783 1171 1816 Plebeis
1198 1786 1230 1814 et
1253 1784 1451 1824 presbyteris

906 1854 984 1887 260.
998 1854 1059 1886 Est
1065 1856 1182 1896 notum,
1191 1855 1275 1894 quod
1283 1855 1416 1887 dilectus
1424 1864 1523 1896 meus,

903 2158 982 2190 261.

1000 1902 1095 1940 Quem
1120 1902 1284 1941 generavit
1307 1902 1503 1945 Zebedaeus,

1045 1948 1106 1979 Est
1118 1949 1266 1988 princeps
1280 1949 1522 1985 sublimissimus

999 1994 1206 2034 Tonitruique
1230 2004 1290 2027 vox
1315 1997 1348 2027 in
1373 2000 1453 2037 rota,

996 2041 1063 2080 Qua
1087 2041 1181 2072 tellus
1208 2046 1421 2075 commovetur
1446 2047 1524 2078 tota.

1044 2088 1244 2129 Tonatorque
1272 2090 1483 2133 doctissimus,

997 2157 1137 2190 Salutem
1161 2161 1274 2191 tonans
1300 2160 1440 2202 Asianis,

996 2204 1178 2245 Europibus
1204 2208 1236 2236 et
1260 2206 1422 2240 Africanis

1044 2251 1088 2282 Et
1112 2251 1243 2292 singulis
1267 2253 1428 2296 Ephesiis,

998 2297 1116 2329 Salutis
1140 2299 1238 2331 verbo
1268 2300 1429 2343 delibutis,

997 2344 1041 2376 Et
1065 2344 1134 2376 aliis
1159 2354 1215 2377 sex
1242 2347 1421 2381 constitutis
