1655 2573
195 225 273 258 131.

198 554 276 586 132.

196 1023 273 1055 133.

195 1350 272 1384 134.

196 1823 274 1857 135.

193 2158 271 2191 136.

704 133 958 168 -215—

298 225 508 268 incestuosos,
535 229 763 269 scaenulent0s‚

304 272 471 312 Tyrannos
478 283 598 313 saevos
606 276 801 308 truculentos

349 319 426 351 Cum
440 322 595 353 scelerum
605 323 799 363 proceribus,

300 366 367 398 Hos
381 369 554 410 arguendo,
567 371 603 400 ut
615 372 661 400 est
672 370 801 411 dictum,

300 414 518 447 Incestuosum
543 415 582 447 ob
610 416 757 448 delictum

346 460 422 492 Cum
446 463 559 494 ceteris
584 463 766 495 sceleribus.

304 554 357 586 Ad
393 557 525 587 mortem
558 565 658 595 usque
689 557 801 596 quibus

577 605 677 634 restat

301 648 369 680 Nec
382 649 471 688 pacis
480 649 583 680 locum
592 650 699 688 pravis
708 659 800 690 prae-

577 699 642 726 stat

347 741 416 773 Nec
462 744 599 774 mortem
643 751 705 775 non
745 743 800 775 ab-

576 790 710 830 horruit,

303 835 463 868 Certando
480 836 610 867 tandem
626 837 676 868 vir
691 837 802 869 beatus

300 883 457 915 Rosarum
486 886 571 915 serto
595 884 755 916 laureatus

348 929 412 962 Sub
439 930 522 962 ensis
548 928 614 962 fato
641 931 769 964 corruit.

300 1023 338 1054 In
364 1022 447 1054 bello
472 1024 570 1055 vitam
595 1025 726 1055 salutari

303 1068 502 1101 Concludens
526 1072 629 1101 morte
652 1071 784 1102 militari

348 1116 414 1148 Hic
446 1117 533 1157 pugil
557 1118 801 1160 strenuissimus,

301 1164 485 1196 Mercedem
494 1173 552 1203 pro
562 1173 622 1203 quo
631 1165 803 1204 pretiosam

299 1210 337 1241 In
364 1211 460 1242 caelis
487 1210 573 1251 capit
597 1212 755 1251 copiosam

348 1258 394 1290 Ut
417 1259 519 1290 victor
542 1258 777 1307 invictissimus.

299 1351 378 1392 Dic,
403 1352 555 1392 numquid
583 1352 694 1384 ambae
718 1352 799 1385 bene

576 1399 700 1442 scimus,

297 1445 387 1484 Quod
412 1446 494 1478 Abel
526 1447 643 1488 iustus,
674 1450 797 1487 martyr

575 1495 706 1534 primus,

346 1541 444 1580 Quam
469 1541 592 1572 iuvenis
618 1541 783 1581 occiditur,

297 1587 341 1619 Et
364 1588 453 1619 Aran
478 1588 557 1619 ritus
582 1585 801 1630 perfidorum:

300 1635 471 1667 Detestans
492 1635 526 1667 in
552 1637 621 1668 Hur
645 1635 800 1668 Chaldae-

578 1692 666 1715 orum

345 1730 497 1761 Innoxius
522 1729 750 1763 succenditur?

302 1823 356 1856 Sic
364 1824 497 1863 Azahel‚
511 1833 702 1865 praecursor
712 1825 802 1864 citus,

300 1871 378 1904 Cum
391 1872 484 1904 hasta
492 1871 597 1904 fossus
608 1875 639 1904 et
650 1872 803 1904 contritus

347 1919 383 1951 In
406 1920 535 1959 inguine
560 1920 735 1960 succubuit,

301 1967 355 1999 Sic
371 1966 523 1999 Ionathas
548 1976 617 1999 cum
637 1967 712 1999 Saul
729 1975 804 2007 rege

300 2015 363 2046 Pro
388 2023 481 2046 sacra
497 2015 559 2046 Dei
585 2018 710 2047 certans
734 2015 805 2054 lege

347 2062 385 2093 In
411 2062 571 2094 montibus
597 2062 754 2096 occubuit.

299 2156 353 2189 Sic
371 2157 523 2196 Absalon,
551 2158 601 2190 vir
623 2166 803 2198 generosus,

298 2204 382 2237 Prae
398 2205 519 2237 cunctis
533 2205 640 2247 specie
653 2204 802 2245 famosus,

346 2253 383 2285 In
409 2256 512 2285 morte
538 2254 626 2286 cadit
651 2253 783 2293 duplici,

297 2301 396 2340 Quem
422 2301 527 2341 capite
551 2310 611 2333 rex
638 2303 786 2340 cooperto

300 2348 441 2380 illustris
462 2348 570 2381 David
595 2349 628 2380 in
654 2350 765 2388 aperto

347 2395 521 2436 Deplangit
559 2396 647 2428 luctu
674 2395 804 2435 duplici.

871 227 948 262 137.

873 604 949 636 138.

872 1025 949 1058 139.

868 1449 946 1481 140.

874 1826 953 1858 141.

875 2157 953 2189 142.

976 229 1028 261 Sic
1044 227 1140 261 Iudas
1158 226 1249 259 fortis
1262 228 1472 259 Maccabaeus

974 276 1019 308 Et
1041 275 1214 308 Eleazarus
1238 274 1403 306 Hebraeus

1022 323 1190 354 Restantes
1219 322 1321 353 saevis
1347 321 1473 360 regibus

1118 368 1270 408 Ionatha,
1333 368 1474 400 Iohanne

1252 415 1378 455 quidem

974 463 1019 495 Et
1035 462 1161 495 Simone
1177 462 1333 502 germanis
1350 461 1473 501 pridem

1021 511 1084 543 Pro
1100 509 1198 540 saeris
1214 509 1330 541 cadunt
1339 508 1472 548 legibus.

977 370 1054 403 Cum

977 603 1030 635 Sic
1036 603 1223 645 Stephanus,
1234 603 1355 642 primus
1364 602 1472 642 levita,

976 651 1014 682 In
1039 650 1209 683 iuventutis
1235 650 1320 681 eadit
1343 650 1418 690 vita,

1024 697 1088 729 Sed
1102 698 1131 727 et
1145 704 1235 735 quam
1248 697 1356 735 plures
1367 696 1472 738 igitur,

977 744 1030 776 Sic
1054 745 1141 776 Iesus
1168 742 1326 782 Christus,
1360 743 1473 774 Iudae-

1254 798 1343 821 orum

977 837 1063 880 Rex,
1103 836 1288 868 adulescens
1326 844 1384 875 pro
1421 845 1475 867 no-

1253 885 1390 914 strorum

1027 930 1159 964 Delictis
1178 928 1380 970 crucifigitur.

977 1024 1041 1056 Sed
1067 1029 1158 1055 carus
1182 1025 1254 1054 tuus
1277 1025 1454 1062 veteranus,

979 1069 1179 1110 Gaemfiens,
1237 1070 1287 1101 vir
1335 1070 1476 1110 claudus,

1254 1125 1359 1155 canus,

1028 1165 1083 1197 Vir
1108 1163 1289 1195 claudicans
1313 1164 1449 1204 ingenio,

978 1212 1177 1252 singultans,
1204 1212 1340 1241 stertens
1365 1211 1477 1250 gemis-

1257 1258 1357 1289 cendo

979 1306 1150 1345 Hiansque,
1177 1313 1292 1344 spuens
1314 1305 1477 1336 tussiendo

1025 1351 1194 1386 Concludit
1217 1351 1316 1382 vitam
1342 1352 1440 1383 senio.

972 1447 1052 1479 Pars
1083 1445 1184 1478 altera
1208 1445 1254 1475 sic
1278 1445 1474 1485 replicando,

973 1495 1037 1526 Pro
1064 1500 1137 1525 caro
1163 1500 1218 1523 suo
1245 1491 1425 1523 dimicando

1022 1538 1176 1573 Producit
1192 1539 1252 1570 hoc
1267 1538 1300 1569 in
1319 1539 1475 1570 medium:

979 1588 1068 1621 Suini
1093 1586 1140 1618 tui
1164 1594 1223 1617 nec
1247 1586 1412 1625 grunnitus

978 1635 1047 1667 Nec
1075 1633 1190 1666 asinini
1214 1641 1265 1664 me
1289 1633 1414 1664 ruditus

1026 1681 1203 1723 Offendunt,
1231 1680 1287 1711 sed
1314 1680 1392 1712 dant
1413 1682 1480 1711 tae-

1259 1727 1354 1760 dium.

978 1825 1016 1857 In
1042 1824 1113 1864 lege
1138 1822 1188 1853 cui
1213 1824 1433 1861 praecavetur,

980 1871 1024 1904 Ut
1048 1869 1133 1902 senis
1158 1869 1265 1901 vultus
1290 1869 1464 1900 honoretur

1025 1918 1070 1950 Et
1093 1916 1207 1955 capitis
1234 1916 1376 1956 canities,

979 1966 1024 1998 Et
1052 1965 1236 1997 reverenter
1262 1965 1479 2004 consurgatur,

978 2013 1028 2045 Ac
1036 2013 1136 2044 honor
1149 2010 1251 2050 quivis
1260 2010 1464 2049 impendatur
1472 2021 1480 2049 ς

1025 2060 1094 2092 Nec
1117 2058 1230 2089 minuit
1254 2057 1396 2089 calvities

981 2153 1139 2188 Primaevi
1164 2154 1264 2184 status
1283 2152 1483 2184 honestatem

980 2202 1049 2235 Nec
1073 2200 1259 2240 acquisitam
1287 2200 1471 2240 dignitatem

1027 2251 1066 2283 ln
1090 2248 1189 2281 rubea
1215 2248 1366 2288 caesarie,

982 2298 1046 2331 Sed
1075 2294 1230 2329 radiantis
1257 2295 1443 2335 ampliorem

981 2345 1032 2377 Ab
1058 2346 1143 2376 intus
1169 2342 1265 2374 animi
1293 2342 1438 2373 decorem

1029 2392 1181 2425 Testatur
1204 2387 1387 2421 multifarie.
