1655 2573
186 226 241 258 27.

185 556 242 588 28.

181 885 236 917 29.

181 1354 213 1387 1.

689 132 947 168 —201—

267 226 314 258 Te
339 230 454 267 auster,
482 237 586 270 eurus,
613 229 727 272 oriens,

267 273 314 305 Te
338 275 453 317 aquilo,
480 278 513 307 te
537 276 696 316 occidens,

315 321 582 363 Multovagusque
605 327 726 365 ventus,

268 368 315 399 Te
338 368 451 410 imber,
476 370 533 402 nix
558 373 587 401 et
612 369 751 408 flumina,

268 415 421 447 Tonitrua
443 419 476 448 et
498 416 632 449 fulmina

312 462 580 503 Typhonicusque
603 465 708 496 lentus

266 555 312 588 Et
336 560 449 589 cuncta
473 558 530 589 sub
554 558 687 597 imperio

266 603 398 636 Utrovis
423 604 655 644 hemisphaerio

312 650 357 682 Et
380 651 473 691 globo
497 651 555 682 sub
579 651 692 694 lunari,

265 697 351 735 Quae
375 700 449 728 sunt
472 698 506 728 in
524 698 644 729 cunctis
660 697 786 738 finibus,

264 744 300 775 In
325 743 437 775 insulis
463 746 495 775 et
517 744 649 785 sinibus,

308 791 444 831 Abyssis
470 793 502 822 et
525 793 559 823 in
582 791 673 834 mari,

263 884 460 927 Natantium,
487 887 689 925 currentium,

263 931 454 972 Volantium,
480 933 656 972 repent-ium

308 979 355 1009 Te
378 977 563 1017 praeferunt
586 982 728 1017 naturae,

261 1025 476 1065 Equestrium,
502 1026 708 1065 pedestrium,

263 1071 502 1113 Campestrium,
529 1073 721 1105 silvestrium

307 1120 475 1151 Honorant
501 1123 674 1153 creaturae.

238 1354 375 1396 Idcirco,
403 1355 490 1395 virgo
515 1356 579 1395 pia,

238 1401 354 1443 Maria,

286 1448 407 1492 Gaude,

237 1495 299 1527 Dei
322 1498 425 1527 mater
450 1496 513 1538 dia,

239 1542 359 1582 Sophia

286 1586 364 1634 [Tu]
390 1590 455 1630 pia,
479 1590 607 1629 plaude.

236 1684 432 1724 Misericors,
455 1684 600 1724 benigna,

236 1731 285 1763 Tu
311 1732 407 1772 digna

279 1778 399 1818 Laude,

235 1825 369 1857 Diluens
394 1825 541 1865 maligna,

235 1872 324 1905 Dans
349 1873 440 1913 signa

281 1921 364 1953 Prae
388 1920 489 1954 hostis
515 1919 638 1952 fraude.

233 2015 283 2047 Tu
309 2018 396 2048 casta
418 2015 602 2056 Sunamitis,

233 2063 283 2095 Tu
306 2063 392 2095 mitis

281 2111 427 2152 Quidem,

232 2157 383 2191 Sedatrix
408 2158 572 2190 Thecuitis

233 2206 280 2238 Es
305 2207 372 2238 litis

279 2254 423 2295 Pridem‚

229 2302 315 2335 Fida
338 2301 492 2335 Moabitis

229 2350 317 2383 Ruth
343 2350 419 2382 ditis

279 2399 366 2431 Booz
391 2397 548 2438 equidem.

863 230 917 262 30.

862 557 917 590 31.

858 886 913 917 32.

782 1263 858 1295 XII.

858 1357 889 1388 2.

943 229 990 260 Te
1013 228 1150 259 musicus
1172 228 1306 261 altisone

942 275 979 307 In
1006 275 1137 307 canticis
1164 275 1326 306 dulcisone

989 322 1127 354 Extollit
1148 322 1323 362 iubssando,

943 369 1075 401 Tibicen
1101 371 1141 412 te,
1168 369 1361 408 psaltericen

941 415 1079 457 Lyricen
1104 419 1198 455 atque
1223 416 1370 447 cornicen

988 463 1156 495 Honorant
1180 463 1407 504 concrepando.

943 558 990 589 Te
1015 557 1156 596 cytharis
1181 557 1396 597 clangentibus

941 603 987 635 Et
1009 603 1142 635 iubilum
1167 604 1331 644 agentibus

989 650 1147 682 Caelestes
1174 651 1382 691 citharoedae,

939 697 986 728 Te
1011 697 1096 728 tubis
1122 698 1385 736 concrepantibus

940 743 985 775 Et
1010 743 1162 782 cymbalis
1187 744 1370 776 sonantibus

986 790 1173 830 Hymnidici
1196 791 1377 833 tragoedae‚

938 885 977 917 Iu
1003 885 1099 916 choro
1125 887 1157 915 et
1180 884 1214 915 in
1238 887 1400 925 tympano,

937 932 975 964 In
1001 931 1129 963 chordis
1154 933 1185 962 et
1208 931 1241 962 in
1267 941 1385 972 organo

985 979 1082 1017 Quam
1112 981 1294 1010 reverenter
1321 979 1462 1018 laudant,

937 1025 982 1056 Et
1006 1025 1142 1056 omnium
1168 1025 1341 1057 viventium

936 1071 982 1103 Et
1003 1072 1139 1111 lingulas
1164 1072 1355 1103 moventium

984 1119 1031 1150 Te
1054 1118 1185 1157 spiritus
1210 1119 1402 1152 collaudant.

915 1355 952 1387 In
977 1353 1112 1386 nubibus
1136 1357 1295 1385 tonantem

914 1400 1073 1434 Infantem

965 1448 1068 1489 Getis,

917 1496 1038 1528 Cuncta
1061 1494 1264 1534 baiulantem,

913 1542 1109 1574 Firmantem

959 1590 1077 1622 Molem
1102 1589 1250 1621 aetheris.

914 1684 964 1716 Tu
988 1684 1130 1716 invidum
1155 1686 1336 1722 serpentem

915 1733 1088 1764 Furentem

961 1779 1062 1823 Teris‚

912 1826 1084 1858 Daemonis
1108 1826 1268 1866 ingentem

912 1874 1128 1906 Frendentem

960 1921 1097 1952 Dentem
1122 1919 1270 1952 conteris,

913 2015 1093 2048 Draconem
1117 2015 1309 2047 virulentum

912 2063 1093 2095 Distentum

961 2110 1063 2149 Feris,

914 2157 1032 2190 Salutis
1056 2157 1287 2189 incrementum

912 2205 1118 2237 Frumentum

961 2252 1047 2285 Seris

912 2300 1042 2333 Tollens
1069 2300 1263 2332 esculentum

911 2349 1085 2381 Cruentum

958 2395 1051 2428 Pomi
1077 2394 1205 2427 veteris.
