<?xml version="1.0" encoding="UTF-8"?>
<!DOCTYPE html PUBLIC "-//W3C//DTD XHTML 1.0 Transitional//EN"
    "http://www.w3.org/TR/xhtml1/DTD/xhtml1-transitional.dtd">
<html xmlns="http://www.w3.org/1999/xhtml" xml:lang="en" lang="en">
 <head>
  <title>
</title>
<meta http-equiv="Content-Type" content="text/html;charset=utf-8" />
  <meta name='ocr-system' content='tesseract 3.04.00' />
  <meta name='ocr-capabilities' content='ocr_page ocr_carea ocr_par ocr_line ocrx_word'/>
</head>
<body>
  <div class='ocr_page' id='page_1' title='image "./analectahymnica29drevuoft_00126.png"; bbox 0 0 1655 2573; ppageno 0'>
   <div class='ocr_carea' id='block_1_1' title="bbox 151 735 1232 848">
    <p class='ocr_par' dir='ltr' id='par_1_1' title="bbox 151 735 1232 848">
     <span class='ocr_line' id='line_1_1' title="bbox 579 735 1007 768; baseline -0.005 -1"><span class='ocrx_word' id='word_1_1' title='bbox 579 736 647 768; x_wconf 82' lang='lat'><strong>244.</strong></span> <span class='ocrx_word' id='word_1_2' title='bbox 677 736 720 766; x_wconf 91' lang='lat' dir='ltr'><strong>De</strong></span> <span class='ocrx_word' id='word_1_3' title='bbox 740 736 848 767; x_wconf 77' lang='lat' dir='ltr'><strong>saneta</strong></span> <span class='ocrx_word' id='word_1_4' title='bbox 867 735 1007 767; x_wconf 80' lang='lat' dir='ltr'><strong>Achatio.</strong></span> 
     </span>
     <span class='ocr_line' id='line_1_2' title="bbox 151 805 1232 848; baseline 0 -11"><span class='ocrx_word' id='word_1_5' title='bbox 151 805 183 839; x_wconf 89' lang='lat'><strong>1.</strong></span> <span class='ocrx_word' id='word_1_6' title='bbox 210 805 235 838; x_wconf 95' lang='lat' dir='ltr'>O</span> <span class='ocrx_word' id='word_1_7' title='bbox 252 814 341 847; x_wconf 86' lang='lat' dir='ltr'><strong>quos,</strong></span> <span class='ocrx_word' id='word_1_8' title='bbox 359 807 503 848; x_wconf 85' lang='lat' dir='ltr'><strong>quantos,</strong></span> <span class='ocrx_word' id='word_1_9' title='bbox 530 808 606 845; x_wconf 88' lang='lat' dir='ltr'><strong>quot</strong></span> <span class='ocrx_word' id='word_1_10' title='bbox 623 806 757 838; x_wconf 88' lang='lat' dir='ltr'>honores</span> <span class='ocrx_word' id='word_1_11' title='bbox 829 807 860 839; x_wconf 86' lang='lat'><strong>5.</strong></span> <span class='ocrx_word' id='word_1_12' title='bbox 888 806 913 838; x_wconf 97' lang='grc' dir='ltr'>Ο</span> <span class='ocrx_word' id='word_1_13' title='bbox 938 805 1065 845; x_wconf 87' lang='lat' dir='ltr'><strong>patroni</strong></span> <span class='ocrx_word' id='word_1_14' title='bbox 1090 806 1232 846; x_wconf 80' lang='lat' dir='ltr'><strong>pretiosi,</strong></span> 
     </span>
    </p>
   </div>
   <div class='ocr_carea' id='block_1_2' title="bbox 148 851 1400 1955">
    <p class='ocr_par' dir='ltr' id='par_1_2' title="bbox 212 851 1303 943">
     <span class='ocr_line' id='line_1_3' title="bbox 212 851 1303 897; baseline 0 -13"><span class='ocrx_word' id='word_1_15' title='bbox 212 852 342 884; x_wconf 82' lang='lat' dir='ltr'>Habent</span> <span class='ocrx_word' id='word_1_16' title='bbox 367 851 487 885; x_wconf 83' lang='lat' dir='ltr'>Christi</span> <span class='ocrx_word' id='word_1_17' title='bbox 510 853 681 885; x_wconf 83' lang='lat' dir='ltr'><strong>bellatores</strong></span> <span class='ocrx_word' id='word_1_18' title='bbox 886 852 940 884; x_wconf 84' lang='lat' dir='ltr'><strong>Ad</strong></span> <span class='ocrx_word' id='word_1_19' title='bbox 963 851 1049 884; x_wconf 88' lang='lat' dir='ltr'><strong>bella</strong></span> <span class='ocrx_word' id='word_1_20' title='bbox 1071 855 1137 883; x_wconf 90' lang='lat' dir='ltr'><strong>tam</strong></span> <span class='ocrx_word' id='word_1_21' title='bbox 1161 853 1303 897; x_wconf 84' lang='lat' dir='ltr'>animosi,</span> 
     </span>
     <span class='ocr_line' id='line_1_4' title="bbox 257 899 1276 943; baseline 0.001 -13"><span class='ocrx_word' id='word_1_22' title='bbox 257 900 295 931; x_wconf 90' lang='lat' dir='ltr'><strong>In</strong></span> <span class='ocrx_word' id='word_1_23' title='bbox 320 899 415 931; x_wconf 87' lang='lat' dir='ltr'><strong>caelis</strong></span> <span class='ocrx_word' id='word_1_24' title='bbox 441 900 548 931; x_wconf 88' lang='lat' dir='ltr'><strong>decem</strong></span> <span class='ocrx_word' id='word_1_25' title='bbox 573 900 670 938; x_wconf 84' lang='lat' dir='ltr'><strong>milia,</strong></span> <span class='ocrx_word' id='word_1_26' title='bbox 933 899 1009 931; x_wconf 87' lang='lat' dir='ltr'><strong>Sitis</strong></span> <span class='ocrx_word' id='word_1_27' title='bbox 1034 899 1112 930; x_wconf 91' lang='lat' dir='ltr'><strong>mihi</strong></span> <span class='ocrx_word' id='word_1_28' title='bbox 1135 900 1276 943; x_wconf 83' lang='lat' dir='ltr'><strong>propitii,</strong></span> 
     </span>
    </p>

    <p class='ocr_par' dir='ltr' id='par_1_3' title="bbox 207 944 1365 1078">
     <span class='ocr_line' id='line_1_5' title="bbox 207 944 1365 988; baseline 0.002 -12"><span class='ocrx_word' id='word_1_29' title='bbox 207 947 290 986; x_wconf 82' lang='lat' dir='ltr'><strong>Quos</strong></span> <span class='ocrx_word' id='word_1_30' title='bbox 315 945 420 977; x_wconf 80' lang='lat' dir='ltr'><strong>effecit</strong></span> <span class='ocrx_word' id='word_1_31' title='bbox 441 946 488 977; x_wconf 84' lang='lat' dir='ltr'><strong>ita</strong></span> <span class='ocrx_word' id='word_1_32' title='bbox 512 944 621 986; x_wconf 84' lang='lat' dir='ltr'><strong>fortes,</strong></span> <span class='ocrx_word' id='word_1_33' title='bbox 884 946 969 978; x_wconf 83' lang='lat' dir='ltr'><strong>Date</strong></span> <span class='ocrx_word' id='word_1_34' title='bbox 992 946 1056 978; x_wconf 80' lang='lat' dir='ltr'><strong>iam</strong></span> <span class='ocrx_word' id='word_1_35' title='bbox 1080 945 1224 978; x_wconf 75' lang='lat' dir='ltr'><strong>effectum</strong></span> <span class='ocrx_word' id='word_1_36' title='bbox 1247 950 1365 988; x_wconf 77' lang='lat' dir='ltr'><strong>preoiS,</strong></span> 
     </span>
     <span class='ocr_line' id='line_1_6' title="bbox 209 992 1351 1031; baseline 0.001 -7"><span class='ocrx_word' id='word_1_37' title='bbox 209 992 291 1024; x_wconf 86' lang='lat' dir='ltr'><strong>Suae</strong></span> <span class='ocrx_word' id='word_1_38' title='bbox 315 992 426 1024; x_wconf 89' lang='lat' dir='ltr'><strong>mortis</strong></span> <span class='ocrx_word' id='word_1_39' title='bbox 451 996 486 1024; x_wconf 88' lang='lat' dir='ltr'><strong>ut</strong></span> <span class='ocrx_word' id='word_1_40' title='bbox 511 996 672 1025; x_wconf 77' lang='lat' dir='ltr'><strong>consortes</strong></span> <span class='ocrx_word' id='word_1_41' title='bbox 886 993 984 1031; x_wconf 73' lang='lat' dir='ltr'><strong>Quam</strong></span> <span class='ocrx_word' id='word_1_42' title='bbox 1010 992 1138 1024; x_wconf 80' lang='lat' dir='ltr'><strong>fudistis</strong></span> <span class='ocrx_word' id='word_1_43' title='bbox 1162 994 1241 1025; x_wconf 86' lang='lat' dir='ltr'><strong>hora</strong></span> <span class='ocrx_word' id='word_1_44' title='bbox 1264 994 1351 1025; x_wconf 88' lang='lat' dir='ltr'><strong>necis</strong></span> 
     </span>
     <span class='ocr_line' id='line_1_7' title="bbox 255 1038 1283 1078; baseline 0.003 -8"><span class='ocrx_word' id='word_1_45' title='bbox 255 1038 391 1070; x_wconf 86' lang='lat' dir='ltr'><strong>Possent</strong></span> <span class='ocrx_word' id='word_1_46' title='bbox 415 1040 482 1078; x_wconf 88' lang='lat' dir='ltr'><strong>pati</strong></span> <span class='ocrx_word' id='word_1_47' title='bbox 508 1039 633 1072; x_wconf 85' lang='lat' dir='ltr'><strong>similia.</strong></span> <span class='ocrx_word' id='word_1_48' title='bbox 932 1040 995 1071; x_wconf 89' lang='lat' dir='ltr'><strong>Pro</strong></span> <span class='ocrx_word' id='word_1_49' title='bbox 1021 1040 1102 1071; x_wconf 89' lang='lat' dir='ltr'><strong>dono</strong></span> <span class='ocrx_word' id='word_1_50' title='bbox 1127 1039 1283 1074; x_wconf 87' lang='lat' dir='ltr'><strong>beneficii.</strong></span> 
     </span>
    </p>

    <p class='ocr_par' dir='ltr' id='par_1_4' title="bbox 154 1094 1400 1369">
     <span class='ocr_line' id='line_1_8' title="bbox 154 1094 1298 1136; baseline -0.001 -8"><span class='ocrx_word' id='word_1_51' title='bbox 154 1097 186 1128; x_wconf 86' lang='lat'><strong>2.</strong></span> <span class='ocrx_word' id='word_1_52' title='bbox 214 1096 298 1134; x_wconf 74' lang='lat' dir='ltr'><strong>Quos</strong></span> <span class='ocrx_word' id='word_1_53' title='bbox 324 1104 383 1127; x_wconf 80' lang='lat' dir='ltr'><strong>rex</strong></span> <span class='ocrx_word' id='word_1_54' title='bbox 406 1096 475 1127; x_wconf 81' lang='lat' dir='ltr'><strong>vult</strong></span> <span class='ocrx_word' id='word_1_55' title='bbox 499 1096 743 1136; x_wconf 77' lang='lat' dir='ltr'><strong>praehonorare,</strong></span> <span class='ocrx_word' id='word_1_56' title='bbox 830 1096 861 1128; x_wconf 88' lang='grc'><strong>6.</strong></span> <span class='ocrx_word' id='word_1_57' title='bbox 885 1094 995 1126; x_wconf 82' lang='lat' dir='ltr'><strong>Primo</strong></span> <span class='ocrx_word' id='word_1_58' title='bbox 1019 1095 1097 1126; x_wconf 88' lang='lat' dir='ltr'><strong>mihi</strong></span> <span class='ocrx_word' id='word_1_59' title='bbox 1121 1096 1298 1136; x_wconf 85' lang='lat' dir='ltr'><strong>impetrate,</strong></span> 
     </span>
     <span class='ocr_line' id='line_1_9' title="bbox 209 1142 1400 1183; baseline 0 -9"><span class='ocrx_word' id='word_1_60' title='bbox 209 1143 306 1175; x_wconf 86' lang='lat' dir='ltr'><strong>Suam</strong></span> <span class='ocrx_word' id='word_1_61' title='bbox 330 1143 442 1174; x_wconf 90' lang='lat' dir='ltr'><strong>sellam</strong></span> <span class='ocrx_word' id='word_1_62' title='bbox 467 1142 610 1182; x_wconf 88' lang='lat' dir='ltr'><strong>equitare</strong></span> <span class='ocrx_word' id='word_1_63' title='bbox 885 1142 931 1174; x_wconf 89' lang='lat' dir='ltr'><strong>Ut</strong></span> <span class='ocrx_word' id='word_1_64' title='bbox 955 1142 1019 1173; x_wconf 90' lang='lat' dir='ltr'><strong>sint</strong></span> <span class='ocrx_word' id='word_1_65' title='bbox 1042 1150 1153 1182; x_wconf 86' lang='lat' dir='ltr'><strong>preces</strong></span> <span class='ocrx_word' id='word_1_66' title='bbox 1178 1151 1267 1174; x_wconf 87' lang='lat' dir='ltr'><strong>meae</strong></span> <span class='ocrx_word' id='word_1_67' title='bbox 1291 1147 1400 1183; x_wconf 81' lang='lat' dir='ltr'><strong>gratae</strong></span> 
     </span>
     <span class='ocr_line' id='line_1_10' title="bbox 255 1188 1287 1230; baseline 0.001 -10"><span class='ocrx_word' id='word_1_68' title='bbox 255 1188 321 1221; x_wconf 91' lang='lat' dir='ltr'><strong>Dat</strong></span> <span class='ocrx_word' id='word_1_69' title='bbox 347 1189 390 1221; x_wconf 90' lang='lat' dir='ltr'><strong>eis</strong></span> <span class='ocrx_word' id='word_1_70' title='bbox 416 1189 607 1228; x_wconf 84' lang='lat' dir='ltr'><strong>specialiter.</strong></span> <span class='ocrx_word' id='word_1_71' title='bbox 931 1188 1000 1220; x_wconf 91' lang='lat' dir='ltr'><strong>Deo</strong></span> <span class='ocrx_word' id='word_1_72' title='bbox 1026 1192 1058 1220; x_wconf 90' lang='lat' dir='ltr'><strong>et</strong></span> <span class='ocrx_word' id='word_1_73' title='bbox 1082 1189 1287 1230; x_wconf 82' lang='lat' dir='ltr'><strong>exaudibiles,</strong></span> 
     </span>
     <span class='ocr_line' id='line_1_11' title="bbox 208 1234 1296 1279; baseline -0.002 -10"><span class='ocrx_word' id='word_1_74' title='bbox 208 1237 294 1269; x_wconf 88' lang='lat' dir='ltr'><strong>Hinc</strong></span> <span class='ocrx_word' id='word_1_75' title='bbox 321 1239 369 1267; x_wconf 88' lang='lat' dir='ltr'><strong>est</strong></span> <span class='ocrx_word' id='word_1_76' title='bbox 381 1234 491 1279; x_wconf 85' lang='lat' dir='ltr'><strong>festus,</strong></span> <span class='ocrx_word' id='word_1_77' title='bbox 511 1236 585 1268; x_wconf 87' lang='lat' dir='ltr'><strong>hinc</strong></span> <span class='ocrx_word' id='word_1_78' title='bbox 597 1239 644 1268; x_wconf 88' lang='lat' dir='ltr'><strong>est</strong></span> <span class='ocrx_word' id='word_1_79' title='bbox 656 1236 758 1268; x_wconf 89' lang='lat' dir='ltr'><strong>laetus</strong></span> <span class='ocrx_word' id='word_1_80' title='bbox 885 1236 966 1267; x_wconf 87' lang='lat' dir='ltr'><strong>Date</strong></span> <span class='ocrx_word' id='word_1_81' title='bbox 990 1236 1096 1267; x_wconf 90' lang='lat' dir='ltr'><strong>hostes</strong></span> <span class='ocrx_word' id='word_1_82' title='bbox 1124 1236 1296 1277; x_wconf 85' lang='lat' dir='ltr'><strong>debellare,</strong></span> 
     </span>
     <span class='ocr_line' id='line_1_12' title="bbox 208 1282 1388 1323; baseline 0 -9"><span class='ocrx_word' id='word_1_83' title='bbox 208 1282 349 1315; x_wconf 84' lang='lat' dir='ltr'><strong>Militum</strong></span> <span class='ocrx_word' id='word_1_84' title='bbox 375 1287 440 1314; x_wconf 83' lang='lat' dir='ltr'><strong>tam</strong></span> <span class='ocrx_word' id='word_1_85' title='bbox 465 1283 594 1323; x_wconf 87' lang='lat' dir='ltr'><strong>grandis</strong></span> <span class='ocrx_word' id='word_1_86' title='bbox 621 1286 726 1315; x_wconf 86' lang='lat' dir='ltr'><strong>coetus</strong></span> <span class='ocrx_word' id='word_1_87' title='bbox 887 1282 944 1322; x_wconf 75' lang='lat' dir='ltr'><strong>Qui</strong></span> <span class='ocrx_word' id='word_1_88' title='bbox 966 1291 1017 1313; x_wconf 88' lang='lat' dir='ltr'><strong>me</strong></span> <span class='ocrx_word' id='word_1_89' title='bbox 1038 1285 1195 1322; x_wconf 86' lang='lat' dir='ltr'><strong>temptant</strong></span> <span class='ocrx_word' id='word_1_90' title='bbox 1219 1284 1388 1315; x_wconf 82' lang='lat' dir='ltr'><strong>molestare</strong></span> 
     </span>
     <span class='ocr_line' id='line_1_13' title="bbox 256 1329 1306 1369; baseline -0.001 -7"><span class='ocrx_word' id='word_1_91' title='bbox 256 1329 333 1362; x_wconf 86' lang='lat' dir='ltr'><strong>Cum</strong></span> <span class='ocrx_word' id='word_1_92' title='bbox 359 1330 480 1369; x_wconf 87' lang='lat' dir='ltr'><strong>angelis</strong></span> <span class='ocrx_word' id='word_1_93' title='bbox 506 1330 690 1369; x_wconf 87' lang='lat' dir='ltr'><strong>aequaliter.</strong></span> <span class='ocrx_word' id='word_1_94' title='bbox 933 1329 1091 1369; x_wconf 88' lang='lat' dir='ltr'><strong>Potentes,</strong></span> <span class='ocrx_word' id='word_1_95' title='bbox 1118 1329 1306 1364; x_wconf 75' lang='lat' dir='ltr'><strong>nivisibiles.</strong></span> 
     </span>
    </p>

    <p class='ocr_par' dir='ltr' id='par_1_5' title="bbox 151 1385 1340 1569">
     <span class='ocr_line' id='line_1_14' title="bbox 151 1385 1307 1428; baseline -0.001 -10"><span class='ocrx_word' id='word_1_96' title='bbox 151 1387 182 1419; x_wconf 87' lang='lat'><strong>3.</strong></span> <span class='ocrx_word' id='word_1_97' title='bbox 210 1386 235 1418; x_wconf 97' lang='lat' dir='ltr'>O</span> <span class='ocrx_word' id='word_1_98' title='bbox 263 1385 377 1418; x_wconf 84' lang='lat' dir='ltr'><strong>famosi</strong></span> <span class='ocrx_word' id='word_1_99' title='bbox 401 1386 565 1427; x_wconf 90' lang='lat' dir='ltr'><strong>militares,</strong></span> <span class='ocrx_word' id='word_1_100' title='bbox 830 1386 860 1417; x_wconf 85' lang='lat'><strong>7.</strong></span> <span class='ocrx_word' id='word_1_101' title='bbox 887 1386 987 1428; x_wconf 89' lang='lat' dir='ltr'><strong>Intus,</strong></span> <span class='ocrx_word' id='word_1_102' title='bbox 1015 1387 1105 1417; x_wconf 83' lang='lat' dir='ltr'><strong>extra</strong></span> <span class='ocrx_word' id='word_1_103' title='bbox 1129 1385 1307 1425; x_wconf 86' lang='lat' dir='ltr'><strong>sanitatem,</strong></span> 
     </span>
     <span class='ocr_line' id='line_1_15' title="bbox 209 1431 1340 1474; baseline -0.001 -9"><span class='ocrx_word' id='word_1_104' title='bbox 209 1433 352 1465; x_wconf 86' lang='lat' dir='ltr'><strong>Passioni</strong></span> <span class='ocrx_word' id='word_1_105' title='bbox 376 1433 494 1467; x_wconf 82' lang='lat' dir='ltr'><strong>Christi</strong></span> <span class='ocrx_word' id='word_1_106' title='bbox 518 1441 623 1474; x_wconf 84' lang='lat' dir='ltr'><strong>pares,</strong></span> <span class='ocrx_word' id='word_1_107' title='bbox 885 1432 1009 1471; x_wconf 86' lang='lat' dir='ltr'><strong>Pacem,</strong></span> <span class='ocrx_word' id='word_1_108' title='bbox 1035 1434 1140 1464; x_wconf 88' lang='lat' dir='ltr'><strong>terrae</strong></span> <span class='ocrx_word' id='word_1_109' title='bbox 1164 1431 1340 1464; x_wconf 81' lang='lat' dir='ltr'><strong>ubertatem</strong></span> 
     </span>
     <span class='ocr_line' id='line_1_16' title="bbox 254 1478 1303 1522; baseline -0.001 -10"><span class='ocrx_word' id='word_1_110' title='bbox 254 1479 398 1513; x_wconf 80' lang='lat' dir='ltr'><strong>Tractati</strong></span> <span class='ocrx_word' id='word_1_111' title='bbox 422 1481 498 1511; x_wconf 89' lang='lat' dir='ltr'><strong>estis</strong></span> <span class='ocrx_word' id='word_1_112' title='bbox 522 1479 640 1520; x_wconf 82' lang='lat' dir='ltr'><strong>viliter,</strong></span> <span class='ocrx_word' id='word_1_113' title='bbox 931 1478 977 1509; x_wconf 81' lang='lat' dir='ltr'><strong>Et</strong></span> <span class='ocrx_word' id='word_1_114' title='bbox 1000 1478 1083 1510; x_wconf 87' lang='lat' dir='ltr'><strong>aeris</strong></span> <span class='ocrx_word' id='word_1_115' title='bbox 1107 1479 1303 1522; x_wconf 82' lang='lat' dir='ltr'><strong>temperiem,</strong></span> 
     </span>
     <span class='ocr_line' id='line_1_17' title="bbox 209 1525 1328 1569; baseline 0 -10"><span class='ocrx_word' id='word_1_116' title='bbox 209 1527 323 1560; x_wconf 90' lang='lat' dir='ltr'><strong>Omnes</strong></span> <span class='ocrx_word' id='word_1_117' title='bbox 349 1527 431 1559; x_wconf 90' lang='lat' dir='ltr'><strong>enim</strong></span> <span class='ocrx_word' id='word_1_118' title='bbox 455 1525 605 1569; x_wconf 80' lang='lat' dir='ltr'><strong>crucifixi,</strong></span> <span class='ocrx_word' id='word_1_119' title='bbox 884 1525 968 1557; x_wconf 81' lang='lat' dir='ltr'><strong>Date</strong></span> <span class='ocrx_word' id='word_1_120' title='bbox 990 1526 1069 1557; x_wconf 90' lang='lat' dir='ltr'><strong>mihi</strong></span> <span class='ocrx_word' id='word_1_121' title='bbox 1091 1526 1209 1558; x_wconf 87' lang='lat' dir='ltr'><strong>victum</strong></span> <span class='ocrx_word' id='word_1_122' title='bbox 1234 1527 1328 1569; x_wconf 85' lang='lat' dir='ltr'><strong>vitae,</strong></span> 
     </span>
    </p>

    <p class='ocr_par' dir='ltr' id='par_1_6' title="bbox 148 1572 1398 1955">
     <span class='ocr_line' id='line_1_18' title="bbox 207 1572 1210 1613; baseline -0.003 -6"><span class='ocrx_word' id='word_1_123' title='bbox 207 1574 322 1607; x_wconf 89' lang='lat' dir='ltr'><strong>Omnes</strong></span> <span class='ocrx_word' id='word_1_124' title='bbox 347 1577 467 1607; x_wconf 89' lang='lat' dir='ltr'><strong>stantes</strong></span> <span class='ocrx_word' id='word_1_125' title='bbox 491 1576 596 1606; x_wconf 89' lang='lat' dir='ltr'><strong>mente</strong></span> <span class='ocrx_word' id='word_1_126' title='bbox 619 1572 675 1605; x_wconf 79' lang='lat' dir='ltr'><strong>fixi</strong></span> <span class='ocrx_word' id='word_1_127' title='bbox 884 1573 1128 1613; x_wconf 87' lang='lat' dir='ltr'><strong>Ignominiosam</strong></span> <span class='ocrx_word' id='word_1_128' title='bbox 1148 1574 1210 1605; x_wconf 86' lang='lat' dir='ltr'><strong>rite</strong></span> 
     </span>
     <span class='ocr_line' id='line_1_19' title="bbox 254 1618 1338 1661; baseline 0.001 -7"><span class='ocrx_word' id='word_1_129' title='bbox 254 1621 449 1661; x_wconf 83' lang='lat' dir='ltr'><strong>Tulistisque</strong></span> <span class='ocrx_word' id='word_1_130' title='bbox 474 1620 620 1653; x_wconf 86' lang='lat' dir='ltr'><strong>viriliter.</strong></span> <span class='ocrx_word' id='word_1_131' title='bbox 932 1618 986 1651; x_wconf 84' lang='lat' dir='ltr'><strong>Sic</strong></span> <span class='ocrx_word' id='word_1_132' title='bbox 1009 1620 1121 1660; x_wconf 86' lang='lat' dir='ltr'><strong>pellite</strong></span> <span class='ocrx_word' id='word_1_133' title='bbox 1144 1621 1338 1660; x_wconf 83' lang='lat' dir='ltr'><strong>pauperiem.</strong></span> 
     </span>
     <span class='ocr_line' id='line_1_20' title="bbox 148 1676 1311 1719; baseline -0.001 -9"><span class='ocrx_word' id='word_1_134' title='bbox 148 1679 182 1711; x_wconf 89' lang='lat'><strong>4.</strong></span> <span class='ocrx_word' id='word_1_135' title='bbox 209 1678 262 1710; x_wconf 86' lang='lat' dir='ltr'><strong>Sic</strong></span> <span class='ocrx_word' id='word_1_136' title='bbox 287 1679 414 1711; x_wconf 87' lang='lat' dir='ltr'><strong>easdem</strong></span> <span class='ocrx_word' id='word_1_137' title='bbox 438 1686 567 1718; x_wconf 82' lang='lat' dir='ltr'><strong>poenaS,</strong></span> <span class='ocrx_word' id='word_1_138' title='bbox 592 1681 671 1719; x_wconf 87' lang='lat' dir='ltr'><strong>puta</strong></span> <span class='ocrx_word' id='word_1_139' title='bbox 829 1677 860 1710; x_wconf 89' lang='lat'><strong>8.</strong></span> <span class='ocrx_word' id='word_1_140' title='bbox 886 1676 969 1709; x_wconf 89' lang='lat' dir='ltr'><strong>Date</strong></span> <span class='ocrx_word' id='word_1_141' title='bbox 994 1677 1040 1709; x_wconf 87' lang='lat' dir='ltr'><strong>sie</strong></span> <span class='ocrx_word' id='word_1_142' title='bbox 1063 1685 1114 1708; x_wconf 88' lang='lat' dir='ltr'><strong>me</strong></span> <span class='ocrx_word' id='word_1_143' title='bbox 1138 1678 1311 1719; x_wconf 87' lang='lat' dir='ltr'><strong>paenitere,</strong></span> 
     </span>
     <span class='ocr_line' id='line_1_21' title="bbox 209 1724 1267 1765; baseline 0 -9"><span class='ocrx_word' id='word_1_144' title='bbox 209 1724 354 1765; x_wconf 81' lang='lat' dir='ltr'><strong>Flagras,</strong></span> <span class='ocrx_word' id='word_1_145' title='bbox 380 1725 499 1765; x_wconf 88' lang='lat' dir='ltr'><strong>spinas,</strong></span> <span class='ocrx_word' id='word_1_146' title='bbox 517 1724 645 1765; x_wconf 88' lang='lat' dir='ltr'><strong>probra,</strong></span> <span class='ocrx_word' id='word_1_147' title='bbox 664 1727 758 1763; x_wconf 83' lang='lat' dir='ltr'><strong>sputa</strong></span> <span class='ocrx_word' id='word_1_148' title='bbox 886 1724 933 1756; x_wconf 87' lang='lat' dir='ltr'><strong>Ut</strong></span> <span class='ocrx_word' id='word_1_149' title='bbox 952 1724 1146 1756; x_wconf 88' lang='lat' dir='ltr'><strong>remissionis</strong></span> <span class='ocrx_word' id='word_1_150' title='bbox 1172 1732 1267 1757; x_wconf 88' lang='lat' dir='ltr'><strong>verae</strong></span> 
     </span>
     <span class='ocr_line' id='line_1_22' title="bbox 257 1770 1321 1813; baseline 0 -9"><span class='ocrx_word' id='word_1_151' title='bbox 257 1772 332 1804; x_wconf 89' lang='lat' dir='ltr'><strong>Alia</strong></span> <span class='ocrx_word' id='word_1_152' title='bbox 356 1781 478 1813; x_wconf 90' lang='lat' dir='ltr'><strong>quoque</strong></span> <span class='ocrx_word' id='word_1_153' title='bbox 502 1772 600 1812; x_wconf 86' lang='lat' dir='ltr'><strong>varia,</strong></span> <span class='ocrx_word' id='word_1_154' title='bbox 936 1770 1067 1811; x_wconf 87' lang='lat' dir='ltr'><strong>Capiam</strong></span> <span class='ocrx_word' id='word_1_155' title='bbox 1090 1772 1321 1813; x_wconf 87' lang='lat' dir='ltr'><strong>indulgentiam</strong></span> 
     </span>
     <span class='ocr_line' id='line_1_23' title="bbox 210 1818 1398 1861; baseline 0 -10"><span class='ocrx_word' id='word_1_156' title='bbox 210 1819 274 1851; x_wconf 87' lang='lat' dir='ltr'><strong>Sed</strong></span> <span class='ocrx_word' id='word_1_157' title='bbox 300 1820 347 1851; x_wconf 90' lang='lat' dir='ltr'><strong>sol</strong></span> <span class='ocrx_word' id='word_1_158' title='bbox 371 1818 569 1853; x_wconf 90' lang='lat' dir='ltr'><strong>obscurando</strong></span> <span class='ocrx_word' id='word_1_159' title='bbox 595 1818 700 1858; x_wconf 84' lang='lat' dir='ltr'><strong>gemit,</strong></span> <span class='ocrx_word' id='word_1_160' title='bbox 888 1818 1019 1858; x_wconf 85' lang='lat' dir='ltr'><strong>Semper</strong></span> <span class='ocrx_word' id='word_1_161' title='bbox 1044 1819 1096 1850; x_wconf 85' lang='lat' dir='ltr'><strong>hic</strong></span> <span class='ocrx_word' id='word_1_162' title='bbox 1117 1819 1150 1850; x_wconf 87' lang='lat' dir='ltr'><strong>in</strong></span> <span class='ocrx_word' id='word_1_163' title='bbox 1172 1820 1289 1851; x_wconf 88' lang='lat' dir='ltr'><strong>mundo</strong></span> <span class='ocrx_word' id='word_1_164' title='bbox 1315 1821 1398 1861; x_wconf 87' lang='lat' dir='ltr'><strong>ante,</strong></span> 
     </span>
     <span class='ocr_line' id='line_1_24' title="bbox 209 1866 1364 1906; baseline -0.001 -8"><span class='ocrx_word' id='word_1_165' title='bbox 209 1866 253 1898; x_wconf 85' lang='lat' dir='ltr'><strong>Et</strong></span> <span class='ocrx_word' id='word_1_166' title='bbox 278 1866 430 1906; x_wconf 84' lang='lat' dir='ltr'><strong>gemendo</strong></span> <span class='ocrx_word' id='word_1_167' title='bbox 455 1869 542 1899; x_wconf 84' lang='lat' dir='ltr'><strong>terra</strong></span> <span class='ocrx_word' id='word_1_168' title='bbox 566 1866 684 1905; x_wconf 79' lang='lat' dir='ltr'><strong>tremit,</strong></span> <span class='ocrx_word' id='word_1_169' title='bbox 887 1866 936 1898; x_wconf 84' lang='lat' dir='ltr'><strong>Ne</strong></span> <span class='ocrx_word' id='word_1_170' title='bbox 960 1866 995 1898; x_wconf 89' lang='lat' dir='ltr'><strong>in</strong></span> <span class='ocrx_word' id='word_1_171' title='bbox 1017 1866 1090 1906; x_wconf 85' lang='lat' dir='ltr'><strong>igne</strong></span> <span class='ocrx_word' id='word_1_172' title='bbox 1113 1870 1187 1905; x_wconf 85' lang='lat' dir='ltr'><strong>post</strong></span> <span class='ocrx_word' id='word_1_173' title='bbox 1208 1869 1364 1906; x_wconf 85' lang='lat' dir='ltr'><strong>purgante</strong></span> 
     </span>
     <span class='ocr_line' id='line_1_25' title="bbox 254 1912 1376 1955; baseline 0 -9"><span class='ocrx_word' id='word_1_174' title='bbox 254 1912 415 1955; x_wconf 85' lang='lat' dir='ltr'><strong>Fiuntque</strong></span> <span class='ocrx_word' id='word_1_175' title='bbox 439 1914 530 1954; x_wconf 90' lang='lat' dir='ltr'><strong>signa</strong></span> <span class='ocrx_word' id='word_1_176' title='bbox 553 1913 655 1953; x_wconf 86' lang='lat' dir='ltr'><strong>paria.</strong></span> <span class='ocrx_word' id='word_1_177' title='bbox 934 1913 1010 1945; x_wconf 91' lang='lat' dir='ltr'><strong>Plus</strong></span> <span class='ocrx_word' id='word_1_178' title='bbox 1034 1914 1119 1945; x_wconf 85' lang='lat' dir='ltr'><strong>luam</strong></span> <span class='ocrx_word' id='word_1_179' title='bbox 1143 1913 1376 1955; x_wconf 84' lang='lat' dir='ltr'><strong>negligentiam.</strong></span> 
     </span>
    </p>
   </div>
   <div class='ocr_carea' id='block_1_3' title="bbox 489 1970 1084 2249">
    <p class='ocr_par' dir='ltr' id='par_1_7' title="bbox 489 1970 1084 2249">
     <span class='ocr_line' id='line_1_26' title="bbox 489 1970 1016 2010; baseline -0.006 -5"><span class='ocrx_word' id='word_1_180' title='bbox 489 1973 521 2005; x_wconf 85' lang='lat'><strong>9.</strong></span> <span class='ocrx_word' id='word_1_181' title='bbox 547 1970 618 2003; x_wconf 81' lang='lat' dir='ltr'><strong>Stet</strong></span> <span class='ocrx_word' id='word_1_182' title='bbox 641 1978 700 2010; x_wconf 88' lang='lat' dir='ltr'><strong>pro</strong></span> <span class='ocrx_word' id='word_1_183' title='bbox 725 1978 806 2001; x_wconf 87' lang='lat' dir='ltr'><strong>anno</strong></span> <span class='ocrx_word' id='word_1_184' title='bbox 831 1979 911 2002; x_wconf 88' lang='lat' dir='ltr'><strong>unus</strong></span> <span class='ocrx_word' id='word_1_185' title='bbox 938 1970 1016 2010; x_wconf 91' lang='lat' dir='ltr'><strong>dies,</strong></span> 
     </span>
     <span class='ocr_line' id='line_1_27' title="bbox 548 2016 980 2058; baseline -0.002 -9"><span class='ocrx_word' id='word_1_186' title='bbox 548 2017 595 2050; x_wconf 86' lang='lat' dir='ltr'><strong>Ut</strong></span> <span class='ocrx_word' id='word_1_187' title='bbox 619 2019 769 2058; x_wconf 82' lang='lat' dir='ltr'><strong>sequatur</strong></span> <span class='ocrx_word' id='word_1_188' title='bbox 792 2026 869 2049; x_wconf 86' lang='lat' dir='ltr'><strong>vera</strong></span> <span class='ocrx_word' id='word_1_189' title='bbox 892 2016 980 2057; x_wconf 85' lang='lat' dir='ltr'><strong>quies</strong></span> 
     </span>
     <span class='ocr_line' id='line_1_28' title="bbox 591 2064 1062 2106; baseline 0 -9"><span class='ocrx_word' id='word_1_190' title='bbox 591 2064 643 2097; x_wconf 86' lang='lat' dir='ltr'><strong>Ex</strong></span> <span class='ocrx_word' id='word_1_191' title='bbox 665 2065 770 2104; x_wconf 88' lang='lat' dir='ltr'><strong>precis</strong></span> <span class='ocrx_word' id='word_1_192' title='bbox 796 2066 921 2098; x_wconf 82' lang='lat' dir='ltr'><strong>vestrae</strong></span> <span class='ocrx_word' id='word_1_193' title='bbox 946 2064 1062 2106; x_wconf 90' lang='lat' dir='ltr'><strong>studio,</strong></span> 
     </span>
     <span class='ocr_line' id='line_1_29' title="bbox 545 2112 1081 2153; baseline 0 -9"><span class='ocrx_word' id='word_1_194' title='bbox 545 2112 591 2145; x_wconf 92' lang='lat' dir='ltr'><strong>Ut</strong></span> <span class='ocrx_word' id='word_1_195' title='bbox 615 2113 667 2144; x_wconf 91' lang='lat' dir='ltr'><strong>hic</strong></span> <span class='ocrx_word' id='word_1_196' title='bbox 692 2112 785 2152; x_wconf 90' lang='lat' dir='ltr'><strong>digne</strong></span> <span class='ocrx_word' id='word_1_197' title='bbox 807 2112 854 2143; x_wconf 91' lang='lat' dir='ltr'><strong>sic</strong></span> <span class='ocrx_word' id='word_1_198' title='bbox 879 2121 1081 2153; x_wconf 88' lang='lat' dir='ltr'><strong>compungar,</strong></span> 
     </span>
     <span class='ocr_line' id='line_1_30' title="bbox 545 2158 1084 2200; baseline -0.004 -8"><span class='ocrx_word' id='word_1_199' title='bbox 545 2159 591 2192; x_wconf 89' lang='lat' dir='ltr'><strong>Ut</strong></span> <span class='ocrx_word' id='word_1_200' title='bbox 614 2161 688 2200; x_wconf 88' lang='lat' dir='ltr'><strong>post</strong></span> <span class='ocrx_word' id='word_1_201' title='bbox 710 2159 813 2191; x_wconf 85' lang='lat' dir='ltr'><strong>laetus</strong></span> <span class='ocrx_word' id='word_1_202' title='bbox 838 2162 944 2192; x_wconf 85' lang='lat' dir='ltr'><strong>vestro</strong></span> <span class='ocrx_word' id='word_1_203' title='bbox 971 2158 1084 2200; x_wconf 86' lang='lat' dir='ltr'><strong>fungar</strong></span> 
     </span>
     <span class='ocr_line' id='line_1_31' title="bbox 591 2206 925 2249; baseline -0.006 -8"><span class='ocrx_word' id='word_1_204' title='bbox 591 2209 751 2249; x_wconf 86' lang='lat' dir='ltr'><strong>Perpetuo</strong></span> <span class='ocrx_word' id='word_1_205' title='bbox 773 2206 925 2248; x_wconf 85' lang='lat' dir='ltr'><strong>tripudio.</strong></span> 
     </span>
    </p>
   </div>
   <div class='ocr_carea' id='block_1_4' title="bbox 130 2270 1440 2427">
    <p class='ocr_par' dir='ltr' id='par_1_8' title="bbox 130 2270 1440 2427">
     <span class='ocr_line' id='line_1_32' title="bbox 213 2270 1439 2309; baseline -0.003 -6"><span class='ocrx_word' id='word_1_206' title='bbox 213 2275 295 2303; x_wconf 79' lang='lat' dir='ltr'><strong>Orat.</strong></span> <span class='ocrx_word' id='word_1_207' title='bbox 312 2284 366 2302; x_wconf 82' lang='lat' dir='ltr'><strong>ms.</strong></span> <span class='ocrx_word' id='word_1_208' title='bbox 387 2274 573 2303; x_wconf 63' lang='lat' dir='ltr'><strong>carthusiam</strong></span> <span class='ocrx_word' id='word_1_209' title='bbox 594 2282 671 2302; x_wconf 80' lang='lat' dir='ltr'><strong>saec.</strong></span> <span class='ocrx_word' id='word_1_210' title='bbox 692 2270 737 2300; x_wconf 82' lang='lat'><strong>15.</strong></span> <span class='ocrx_word' id='word_1_211' title='bbox 772 2272 843 2301; x_wconf 77' lang='lat' dir='ltr'><strong>God.</strong></span> <span class='ocrx_word' id='word_1_212' title='bbox 864 2271 959 2309; x_wconf 79' lang='lat' dir='ltr'><strong>Capit.</strong></span> <span class='ocrx_word' id='word_1_213' title='bbox 977 2272 1141 2301; x_wconf 71' lang='lat' dir='ltr'><strong>&#39;Pi-evimus.</strong></span> <span class='ocrx_word' id='word_1_214' title='bbox 1164 2271 1228 2301; x_wconf 78' lang='lat'><strong>116.</strong></span> <span class='ocrx_word' id='word_1_215' title='bbox 1247 2273 1282 2300; x_wconf 80' lang='lat' dir='ltr'><strong>A.</strong></span> <span class='ocrx_word' id='word_1_216' title='bbox 1300 2286 1338 2292; x_wconf 84' lang='lat'><strong>——</strong></span> <span class='ocrx_word' id='word_1_217' title='bbox 1359 2271 1439 2299; x_wconf 78' lang='lat' dir='ltr'><strong>Orat.</strong></span> 
     </span>
     <span class='ocr_line' id='line_1_33' title="bbox 136 2309 1440 2346; baseline -0.005 -4"><span class='ocrx_word' id='word_1_218' title='bbox 136 2321 191 2342; x_wconf 86' lang='lat' dir='ltr'><strong>ms.</strong></span> <span class='ocrx_word' id='word_1_219' title='bbox 213 2321 289 2342; x_wconf 78' lang='lat' dir='ltr'><strong>saee-</strong></span> <span class='ocrx_word' id='word_1_220' title='bbox 312 2311 356 2341; x_wconf 89' lang='lat'><strong>15.</strong></span> <span class='ocrx_word' id='word_1_221' title='bbox 377 2321 422 2342; x_wconf 77' lang='lat' dir='ltr'><strong>ex.</strong></span> <span class='ocrx_word' id='word_1_222' title='bbox 459 2313 529 2341; x_wconf 85' lang='lat' dir='ltr'><strong>Cod.</strong></span> <span class='ocrx_word' id='word_1_223' title='bbox 551 2311 806 2346; x_wconf 80' lang='lat' dir='ltr'><strong>Guelfenbyteran.</strong></span> <span class='ocrx_word' id='word_1_224' title='bbox 820 2311 946 2339; x_wconf 87' lang='lat' dir='ltr'><strong>Helmst.</strong></span> <span class='ocrx_word' id='word_1_225' title='bbox 969 2309 1050 2338; x_wconf 85' lang='lat'><strong>1132.</strong></span> <span class='ocrx_word' id='word_1_226' title='bbox 1068 2311 1102 2337; x_wconf 93' lang='lat' dir='ltr'><strong>B.</strong></span> <span class='ocrx_word' id='word_1_227' title='bbox 1117 2325 1154 2330; x_wconf 87' lang='lat'><strong>—-</strong></span> <span class='ocrx_word' id='word_1_228' title='bbox 1168 2309 1194 2345; x_wconf 86' lang='lat'><strong>1,</strong></span> <span class='ocrx_word' id='word_1_229' title='bbox 1215 2309 1234 2338; x_wconf 87' lang='lat'>4</span> <span class='ocrx_word' id='word_1_230' title='bbox 1253 2310 1342 2338; x_wconf 83' lang='lat' dir='ltr'><strong>efficit</strong></span> <span class='ocrx_word' id='word_1_231' title='bbox 1355 2310 1389 2337; x_wconf 93' lang='lat' dir='ltr'><strong>B.</strong></span> <span class='ocrx_word' id='word_1_232' title='bbox 1402 2326 1440 2330; x_wconf 89' lang='lat'>—</span> 
     </span>
     <span class='ocr_line' id='line_1_34' title="bbox 130 2346 1438 2427; baseline -0.004 -47"><span class='ocrx_word' id='word_1_233' title='bbox 130 2348 328 2427; x_wconf 47' lang='grc' dir='ltr'><strong>ἐῃὲξξθὲεπι</strong></span> <span class='ocrx_word' id='word_1_234' title='bbox 350 2353 384 2380; x_wconf 91' lang='grc' dir='ltr'><strong>Β.</strong></span> <span class='ocrx_word' id='word_1_235' title='bbox 413 2365 446 2370; x_wconf 87' lang='grc'><strong>-</strong></span> <span class='ocrx_word' id='word_1_236' title='bbox 475 2348 502 2385; x_wconf 84' lang='grc'><strong>3,</strong></span> <span class='ocrx_word' id='word_1_237' title='bbox 524 2348 541 2378; x_wconf 91' lang='lat'>6</span> <span class='ocrx_word' id='word_1_238' title='bbox 560 2351 727 2385; x_wconf 76' lang='lat' dir='ltr'><strong>Tulistique</strong></span> <span class='ocrx_word' id='word_1_239' title='bbox 746 2350 779 2377; x_wconf 94' lang='lat' dir='ltr'><strong>B.</strong></span> <span class='ocrx_word' id='word_1_240' title='bbox 807 2364 841 2368; x_wconf 80' lang='lat'><strong>—-</strong></span> <span class='ocrx_word' id='word_1_241' title='bbox 868 2347 895 2385; x_wconf 89' lang='lat'><strong>8,</strong></span> <span class='ocrx_word' id='word_1_242' title='bbox 917 2347 934 2377; x_wconf 88' lang='grc'><strong>6</strong></span> <span class='ocrx_word' id='word_1_243' title='bbox 954 2349 1025 2376; x_wconf 89' lang='lat' dir='ltr'><strong>Plus</strong></span> <span class='ocrx_word' id='word_1_244' title='bbox 1049 2349 1149 2377; x_wconf 86' lang='lat' dir='ltr'><strong>lunam</strong></span> <span class='ocrx_word' id='word_1_245' title='bbox 1168 2349 1201 2377; x_wconf 88' lang='grc' dir='ltr'><strong>Β,</strong></span> <span class='ocrx_word' id='word_1_246' title='bbox 1221 2363 1259 2368; x_wconf 94' lang='grc'>-</span> <span class='ocrx_word' id='word_1_247' title='bbox 1280 2346 1306 2383; x_wconf 88' lang='lat'><strong>9,</strong></span> <span class='ocrx_word' id='word_1_248' title='bbox 1326 2346 1346 2374; x_wconf 85' lang='lat'>4</span> <span class='ocrx_word' id='word_1_249' title='bbox 1371 2356 1438 2375; x_wconf 84' lang='lat' dir='ltr'><strong>con-</strong></span> 
     </span>
    </p>
   </div>
  </div>
 </body>
</html>
