1655 2573
652 116 909 159 ——161ss—

141 205 172 236 2.
199 202 304 245 Salve,
330 215 403 238 rosa
428 212 613 252 venustatis,
818 216 849 246 4.
877 214 980 256 Salve,
1006 212 1122 245 rubens
1147 212 1205 245 flos
1230 214 1355 256 amoris,

197 250 320 283 Ornans
347 254 470 286 caelum
496 264 565 289 cum
590 259 702 299 beatis,
878 261 1010 292 Tinctus
1035 257 1123 291 fonte
1144 259 1328 297 Salvatoris‚

246 298 420 332 Paradisus
447 304 511 333 stat
534 304 701 345 iucundus,
926 306 986 345 Qui
1011 309 1175 345 peccatum
1200 306 1309 338 mundi
1332 307 1413 339 lavit

246 345 323 377 Cum
350 349 382 377 te
400 348 477 379 colit
492 351 577 383 totus
593 353 748 391 mundus3
924 353 1029 384 Morte
1053 352 1212 392 vit-amque
1238 353 1385 393 donavit,

200 391 277 423 Cum
302 393 407 432 sigillo
431 396 586 429 castitatis
879 399 977 438 Quem
1003 400 1146 439 concepit
1171 398 1229 431 flos
1258 399 1380 431 decoris

197 438 311 482 Matre,
345 438 424 472 flore
448 442 587 484 pietatis,
879 447 969 478 Sicut
995 448 1115 485 guttam
1144 446 1223 478 caeli
1247 446 1339 488 roris,

245 484 349 517 Cuius·
366 485 488 520 fructus
513 491 720 530 rubicundus,
924 493 1022 531 Quem
1046 491 1103 524 fios
1129 493 1219 524 nobis
1243 493 1395 524 irroravit

243 532 346 572 Sapor
371 534 513 574 odorque
536 537 725 575 profundus.
925 539 1012 570 Sicut
1035 538 1140 571 David
1166 539 1377 579 prophetavit.

141 601 171 632 3.
200 598 302 641 Salve,
329 607 452 638 gemma
476 602 629 639 puellaris
819 606 849 636 5.
878 604 981 646 Salve,
1008 605 1098 636 sidus
1123 604 1311 636 firmamenti

198 645 274 677 Cum
298 645 414 686 puellis
439 649 503 678 tam
527 649 703 686 praeclaris
876 650 925 681 De
950 650 1122 689 splendore
1145 652 1218 690 plus
1242 651 1373 682 habenti

244 692 383 733 Sequens
409 693 495 733 piam
519 695 734 735 margaritam,
923 695 1023 727 Nobis
1047 696 1157 728 lucens
1179 700 1216 728 ut
1239 699 1392 739 matrona,

242 739 328 778 Quae
345 741 475 772 donavit
492 742 610 773 mundo
628 742 744 783 vitam3
922 742 993 773 Hoc
1017 742 1156 774 solamen
1181 743 1272 774 nobis
1299 743 1391 785 dona,

195 788 283 820 Haec
308 790 353 819 est
380 790 481 820 mater
503 796 619 828 expers
637 789 743 831 maris,
876 789 974 829 Opem
1002 788 1051 821 fer
1074 788 1163 821 fideli
1188 789 1274 829 genti

196 833 252 866 Gui
277 835 339 866 rite
363 834 537 877 famularis,
875 837 938 868 Pro
964 839 1054 868 reatu
1079 845 1134 868 suo
1159 835 1259 876 flenti,

241 881 328 920 Quae
340 883 536 923 splendescit
545 883 628 915 sicut
637 882 741 922 Titan,
919 883 965 916 Ut
989 884 1022 915 in
1048 882 1110 915 fine
1133 883 1225 915 nobis
1249 892 1352 923 prona

237 928 359 961 Lunam
376 929 498 961 habens
515 930 572 961 sub
590 938 625 961 se
638 930 741 961 sitam.
923 931 999 963 Cum
1025 930 1127 962 beatis
1151 931 1195 962 sis
1222 939 1347 969 corona.

196 1012 275 1040 Orat.
296 1022 348 1040 ms.
371 1013 558 1040 Carthasian.
579 1021 655 1041 saec.
680 1010 722 1040 15.
764 1012 833 1041 God.
854 1013 951 1049 Capit.
975 1014 1122 1042 Treviren.
1147 1012 1208 1042 116.

535 1151 606 1184 304.
636 1152 677 1182 De
701 1151 812 1182 sancta
831 1151 1023 1191 margareta.

135 1250 164 1282 1.
193 1248 314 1289 Gaude,
340 1250 429 1290 virgo
453 1249 648 1290 Margareta,
813 1252 843 1284 3.
872 1249 993 1289 Gaude,
1021 1250 1095 1289 quia
1119 1251 1234 1282 multos
1260 1250 1376 1291 salvas,

187 1297 313 1338 Martyr
338 1297 467 1338 Christi,
502 1306 619 1337 sponsa
642 1298 737 1338 laeta,
869 1297 970 1329 Saevo
995 1297 1042 1328 sic
1065 1297 1249 1336 praecludis
1275 1298 1384 1330 valvas

235 1344 321 1377 Rosa
345 1345 445 1376 mixta
469 1344 548 1384 lilio,
919 1344 1023 1377 ludici
1048 1344 1202 1385 Olybrio3

189 1391 311 1432 Gaude,
337 1392 423 1432 patri
448 1392 567 1431 odiosa,
866 1391 987 1434 Gaude,
1014 1400 1087 1423 nam
1114 1392 1246 1424 calcasti
1271 1392 1388 1423 sanctis

190 1438 254 1471 Sed
279 1442 443 1480 gratanter
468 1448 613 1471 amorosa
868 1439 946 1471 Tuis
971 1437 1116 1471 femineis
1140 1439 1259 1479 plantis

237 1487 356 1519 Summi
380 1487 465 1526 regis
489 1485 567 1521 filio.
915 1486 1013 1518 Satan
1038 1494 1108 1518 cum
1133 1486 1284 1519 ludibrio.

132 1553 164 1585 2.
191 1551 313 1594 Gaude,
339 1553 510 1595 pectinum,
538 1553 709 1594 virgarum,
808 1555 840 1587 4.
867 1553 990 1596 Gaude,
1017 1561 1113 1592 prece
1138 1553 1298 1590 exaudita,

191 1600 258 1632 Vim
283 1601 452 1633 ardentum
477 1599 653 1633 facularum
867 1600 1034 1633 Decollata
1058 1601 1177 1640 gaudes
1201 1600 1250 1632 ita

233 1648 332 1681 Passa
355 1648 390 1680 in
417 1648 536 1687 eculeo,
913 1648 951 1680 In
977 1647 1092 1680 chorea
1118 1647 1246 1687 caelica,

189 1694 309 1739 Gaude,
338 1696 408 1728 dire
431 1694 603 1736 flagellata,
867 1695 955 1734 luva,
981 1703 1065 1735 rege,
1091 1695 1193 1734 trahe,
1219 1704 1325 1735 punge

188 1742 293 1775 Carne
317 1746 385 1775 tota
410 1743 552 1775 lacerata
867 1743 912 1775 Et
932 1751 983 1774 me
1007 1751 1134 1776 servum
1159 1742 1220 1774 tibi
1240 1743 1336 1783 iunge

234 1790 411 1823 Poenarum
434 1790 557 1823 aculeo,
914 1789 1012 1821 Festa
1037 1789 1079 1821 ad
1103 1790 1256 1830 angelica.

111 1912 121 1939 1
188 1874 268 1940 Οέἒή.
298 1885 351 1903 ms.
380 1875 565 1903 Carthusian.
597 1883 673 1902 saec.
705 1871 749 1901 15.
801 1873 868 1902 cod.
898 1873 990 1909 Capit.
1017 1874 1167 1902 Treviren.
1200 1871 1264 1901 116.
1290 1888 1327 1893 -
1354 1872 1380 1907 2,
1401 1872 1420 1901 4

124 1920 208 1940 acera
241 1934 247 1939 .

524 2052 589 2086 305.
620 2053 663 2083 De
685 2052 794 2083 sancta
812 2050 1006 2091 Margareta.

113 2142 216 2183 Salve,
242 2142 332 2184 virgo
356 2143 552 2183 Margareta,
792 2140 859 2173 Vae
884 2140 1055 2171 clamantes
1080 2138 1113 2171 'm
1138 2140 1199 2172 hac
1220 2139 1305 2173 valle

113 2191 199 2230 Quae
223 2200 283 2232 per
307 2200 427 2231 poenas
448 2190 557 2230 plures
585 2191 670 2222 laeta
792 2187 841 2221 Tu
866 2189 1008 2219 meantes
1032 2186 1065 2217 in
1091 2187 1152 2219 hac
1179 2187 1261 2219 calle

112 2238 265 2278 Sponsum
291 2248 407 2279 agnum
431 2237 578 2279 imitaris,
791 2235 893 2267 Prece
917 2238 972 2267 tua
994 2234 1069 2265 iuva
1092 2234 1156 2275 pia,

110 2285 169 2321 Cui
192 2286 286 2318 modo
313 2285 522 2323 conversaris,
792 2282 839 2315 Ut
869 2283 943 2314 dum
968 2281 1127 2313 scandunt
1151 2282 1191 2314 ab
1216 2281 1277 2312 hac
1302 2280 1354 2312 via

108 2333 254 2366 Laetaris
279 2334 400 2373 absque
426 2341 575 2365 mensura
794 2329 953 2361 Summam
977 2329 1098 2360 intrent,
1125 2329 1285 2361 civitatem

106 2381 218 2420 Neque
241 2389 380 2420 unquam
404 2379 582 2414 turbatura.
791 2375 846 2408 Ad
865 2383 1035 2415 supernam
1061 2377 1257 2407 vetustatem.

163 2439 278 2465 mame,
293 2437 337 2459 Pia
351 2437 494 2462 memma.
1210 2426 1244 2455 11
