1655 2573
666 116 900 154 “21-

173 238 180 246 .
205 214 285 257 Ave,
312 214 398 256 Iesu,
423 213 574 255 princeps
597 213 700 256 fortis,

206 260 435 301 Triumphator
462 262 552 294 dirae
575 262 695 303 mortis,

208 308 340 341 Hostem
366 309 409 341 da
433 308 487 340 hic
510 309 682 349 debellare,

206 355 327 388 Contra
350 364 421 388 eum
445 355 548 388 fortes
572 360 669 388 stare.

826 216 858 248 4.
883 215 963 255 Ave,
993 215 1067 248 Iesu
1089 213 1248 254 salutaris,

885 262 962 295 Pius
987 265 1054 294 esto
1078 261 1142 293 ‘tuis
1168 263 1262 301 caris,

882 309 947 341 Eos
968 317 1094 349 semper
1116 309 1319 351 consolando,

884 356 974 390 Caeli
995 365 1125 397 regnum
1151 355 1354 388 conferendo.

622 493 648 522 7.
679 491 783 523 Oratio
804 491 950 524 Secunda.

172 604 179 611 .
205 580 284 622 Ave,
312 581 394 623 Iesu,
418 582 528 618 pastor
552 580 643 622 bone,

204 625 284 658 Esto
310 626 402 658 nobis
427 634 501 666 spes
525 634 672 665 coronae,

205 674 306 705 Pasce
338 672 408 705 cibo
434 673 570 713 spiritali

205 719 290 751 Tuos
314 728 374 752 nec
397 728 460 751 non
487 719 653 759 corporali.

172 813 178 819 .
205 788 285 825 Ave,
311 785 394 823 Iesu,
422 787 540 818 candor
563 785 654 825 lucis,

206 832 320 864 Passus
354 833 456 866 diram
480 836 614 865 mortem
641 841 753 872 crucis,

206 879 252 911 Te
279 879 446 911 laudamus
469 888 547 912 voce
570 879 642 920 pari

205 926 267 958 Pro
296 928 361 958 tam
387 927 469 959 dono
495 927 659 967 singulari.

828 580 859 612 3.
885 581 965 621 Ave,
990 582 1073 621 Iesu,
1099 580 1155 612 lux
1181 582 1310 621 erranti,

884 627 933 658 Tu
957 627 1098 658 solamen
1123 636 1156 660 es
1180 628 1345 667 maerenti,

883 672 932 704 Sis
963 672 1097 704 dulcedo
1122 676 1251 705 nostrae
1274 675 1382 712 menti,

886 719 1073 752 consolator
1095 720 1284 761 paenitenti,

824 787 857 819 4.
884 787 963 824 Ave,
990 786 1063 817 Iesu
1085 795 1102 817 ο
1126 786 1272 827 benigne,

882 833 929 864 Te
954 833 1067 864 adorat
1090 833 1183 864 homo
1210 833 1314 874 digne,

882 881 979 919 Quem
1004 889 1023 911 a
1049 882 1152 911 morte
1175 880 1348 923 redemisti,

883 926 949 958 Nos
973 927 1006 958 in
1032 927 1118 959 caelo
1142 926 1216 958 iube
1235 928 1316 961 sisti,

542 983 602 1016 Pie
623 983 706 1023 Iesu,
734 991 844 1022 preces
870 982 946 1015 audi

540 1030 585 1062 Et
607 1038 658 1060 me
681 1038 765 1061 nunc
788 1029 821 1061 in
845 1029 895 1061 his
919 1029 1043 1062 exaudi.

636 1166 662 1197 8.
690 1166 796 1198 Oratio
815 1166 932 1198 Tertia.

168 1281 175 1288 .
202 1256 282 1295 Ave,
308 1256 391 1295 Iesu,
416 1264 517 1297 pausa
540 1255 664 1298 mentis,

201 1303 250 1335 Tu
278 1303 421 1334 levamen
448 1311 480 1333 es
506 1303 636 1343 egentis,

201 1349 253 1382 Ad
279 1352 312 1381 te
335 1349 438 1380 stillat
460 1353 571 1381 nostra
594 1350 675 1392 sitis,

200 1396 280 1435 Quia
307 1398 344 1428 tu
369 1404 402 1427 es
426 1404 505 1429 vera
527 1396 613 1429 vitice.

165 1488 172 1495 .
198 1464 277 1504 Ave,
304 1462 387 1504 Iesu,
413 1460 484 1494 fons
508 1462 634 1501 amoris,

196 1509 245 1541 Tu
271 1517 303 1541 es
327 1517 420 1541 verus
445 1518 502 1541 rex
526 1510 666 1549 honoris,

197 1556 243 1588 Te
266 1556 403 1588 honorat
426 1556 526 1588 omnis
551 1558 661 1596 status,

196 1603 272 1637 Reis
298 1606 364 1635 esto
388 1612 472 1636 nunc
495 1604 649 1643 placatus.

822 1256 852 1289 3.
879 1257 958 1294 Ave,
984 1256 1067 1299 Iesu,
1096 1256 1188 1288 dulce
1208 1264 1333 1297 nomen,

881 1302 995 1334 Carum
1020 1311 1117 1342 super
1141 1311 1233 1335 omne
1257 1312 1358 1344 omen,

877 1349 981 1382 Dulce
1006 1357 1039 1381 es
1062 1350 1096 1381 in
1121 1350 1203 1382 omni
1231 1358 1296 1388 ore,

877 1395 940 1428 Gor
962 1399 997 1428 te
1020 1398 1125 1437 gestat
1145 1397 1180 1428 in
1205 1405 1322 1430 amore.

818 1464 851 1496 4.
876 1462 957 1504 Ave,
979 1463 1063 1503 Iesu,
1091 1463 1188 1495 decor
1213 1464 1302 1506 caeli,

875 1509 986 1542 Mente
1008 1518 1124 1550 precor
1148 1513 1180 1541 te
1204 1510 1304 1553 fideli,

875 1555 1018 1589 Gratiam
1040 1559 1076 1588 tu
1099 1557 1177 1589 mihi
1199 1557 1290 1599 dona,

872 1603 976 1645 Regni
1002 1605 1082 1637 caeli
1107 1604 1218 1637 confer
1239 1605 1335 1639 bona.

536 1661 594 1694 Pie
618 1661 701 1705 Iesu⁷
728 1669 840 1702 preces
866 1661 942 1693 audi

536 1707 581 1741 Et
604 1716 655 1740 me
679 1717 763 1741 nunc
786 1708 820 1740 in
844 1708 893 1741 his
917 1709 1043 1742 exaudi.

618 1846 645 1877 9.
681 1846 787 1878 Oratio
809 1846 936 1884 Quarta.

162 1963 168 1970 .
195 1937 276 1976 Ave,
302 1937 387 1977 Iesu,
411 1936 509 1968 iudex
532 1945 618 1976 vere,

195 1984 306 2017 Nostri
338 1992 463 2023 semper
486 1984 648 2024 miserere,

196 2032 303 2065 Pietas
327 2041 402 2064 nam
425 2034 530 2063 tecum
553 2032 664 2070 erevit,

197 2079 311 2113 Gratia
334 2082 368 2112 te
391 2079 590 2119 adimplevit.

160 2164 167 2173 .
193 2140 273 2176 Ave,
299 2138 383 2177 Iesu,
412 2137 505 2168 dator
527 2137 619 2178 legis,

192 2185 241 2218 Tu
263 2184 382 2225 ubique
407 2186 520 2217 cuncta
544 2184 639 2226 regis,

191 2233 252 2274 Da,
277 2236 315 2265 ut
339 2241 393 2264 cor
418 2233 460 2265 ad
484 2235 519 2264 te
541 2232 703 2273 inclinem,

190 2282 280 2322 Rege
298 2289 350 2313 me
372 2281 406 2313 in
430 2280 548 2313 bonum
571 2279 677 2312 finem.

814 1939 845 1971 3.
871 1939 952 1979 Ave,
977 1938 1061 1977 Iesu,
1087 1938 1173 1969 salus
1198 1937 1295 1982 orbis,

873 1986 980 2025 Purga
1002 1993 1061 2016 nos
1086 1993 1106 2017 a
1129 1986 1251 2017 cunctis
1274 1985 1405 2028 morbis,

872 2032 1020 2065 Medicus
1044 2034 1080 2063 tu
1105 2040 1138 2064 es
1161 2033 1319 2074 caelestis,

872 2079 917 2111 Et
944 2087 1095 2112 succurre
1117 2080 1210 2112 nobis
1234 2081 1375 2115 maestis,

816 2138 848 2171 4.
873 2137 954 2177 Ave,
981 2138 1064 2177 Iesu,
1090 2137 1146 2169 lux
1170 2140 1360 2178 sanctorum,

873 2184 1034 2217 Gaudium
1059 2193 1093 2216 es
1115 2185 1308 2228 angelorum,

873 2232 969 2265 Salva
993 2241 1044 2264 me
1068 2241 1127 2273 per
1151 2235 1238 2265 tuam
1261 2236 1396 2266 mortem

872 2280 952 2313 Cum
975 2280 1086 2312 electis
1110 2279 1163 2312 fae
1187 2283 1374 2314 consortem.

531 2336 589 2370 Pie
610 2337 694 2378 Iesu,
720 2345 833 2377 preces
858 2336 935 2369 audi

530 2385 576 2417 Et
599 2393 651 2417 me
674 2393 759 2417 nunc
780 2385 815 2417 in
838 2384 889 2417 his
915 2384 1039 2418 exaudi.
