1655 2573
721 135 952 171 ...gg-a

634 230 693 262 165.
724 230 767 261 De
786 229 890 261 sancto
910 226 1041 259 Nicolao.

208 329 237 362 1.
266 327 387 367 Gaude,
418 329 522 360 cuncti
548 327 647 360 forma
673 327 760 367 cleri,

265 374 404 418 Nicolae,
431 376 515 415 quod
539 375 638 406 videri

310 422 404 453 Valet
428 430 466 452 ex
489 421 624 460 ieiuniis,

267 468 342 500 Cum
367 468 400 499 in
426 468 512 500 cunis
538 476 663 499 carnem
688 467 748 497 teri

263 516 346 546 Puer
368 514 484 554 probas
511 516 543 545 et
566 513 669 545 arceri

312 561 445 599 Quartis,
472 560 569 592 sextis
594 559 693 592 feriis,

207 638 238 669 2.
266 635 384 674 Gaude,
410 644 507 675 purus
531 635 706 675 puellarum

263 682 472 714 Conservator
496 684 529 713 et
552 690 660 713 earum

310 729 493 768 Paupertati
518 729 703 769 condolens;

263 775 390 808 Foedus
420 774 498 806 facis
521 775 711 818 nuptiarum,

267 822 359 854 Dona
384 822 457 853 dum
480 822 662 854 divitiarum

310 868 399 901 Patri
427 869 560 908 praebes
585 869 759 903 consulens.

210 946 240 977 3.
268 942 387 986 Gaude,
413 942 481 974 Deo
506 946 569 974 tam
593 943 736 982 dilectus,

265 989 353 1027 Quod
368 997 427 1030 per
444 989 602 1021 Christum
621 999 653 1022 es
671 990 808 1022 directus

311 1037 356 1068 Ut
381 1036 481 1076 dignis
507 1037 686 1078 honoribuS,

265 1082 317 1114 Sic
341 1082 381 1114 ad
407 1083 513 1114 sedem
539 1091 571 1114 es
596 1084 713 1115 electus

263 1129 489 1171 Praesularem,
514 1130 577 1161 iam
598 1128 761 1169 profectus

314 1176 403 1207 Plebi
428 1178 539 1215 patens
563 1177 712 1210 moribus,

878 326 909 358 4.
937 322 1056 367 Gaude,
1082 323 1210 364 praesul
1235 325 1346 363 potens
1373 321 1482 364 signis,

940 396 1180 405 .....
1205 369 1293 403 focus
1316 366 1453 414 1i[g]nis,

985 417 1049 449 Sed
1073 426 1154 458 aqua
1178 427 1241 450 non
1264 417 1377 455 uritur,

936 465 1034 497 Redit
1058 467 1159 497 mater
1183 474 1256 497 mox
1280 464 1413 504 insignis

937 511 1005 543 Nee
1027 511 1143 544 infanti
1168 513 1262 544 nocet
1284 511 1375 551 ignis,

983 558 1065 590 Dum
1096 558 1136 592 de
1159 561 1192 590 te
1215 558 1398 592 revertitur.

877 635 908 667 5.
936 633 1055 672 Gaude,
1079 632 1159 665 farri
1178 635 1256 666 dans
1274 635 1483 673 augmentum,

934 680 1062 712 Medios
1091 680 1165 713 dum
1190 680 1287 712 sumis
1312 683 1437 711 centum

983 726 1120 767 Singulis
1147 728 1186 759 de
1210 727 1352 771 navibus,

936 775 992 806 Pie
1015 777 1120 814 pater,
1148 775 1188 806 da
1213 776 1400 814 proventum

936 821 1000 860 Sic,
1024 824 1060 852 ut
1084 829 1175 853 omne
1201 821 1426 853 detrimentum

980 867 1084 908 Fuges
1109 877 1129 899 a
1153 867 1311 901 fidelibus.

878 944 908 976 6.
937 943 1057 986 Gaude,
1085 943 1156 983 quia
1180 951 1248 974 cum
1274 943 1435 974 scholares

936 990 1015 1022 Tres
1040 990 1160 1021 occisos
1186 990 1327 1022 elevares

984 1037 1146 1069 Suscitans
1172 1046 1191 1068 a
1214 1037 1356 1077 mortuis,

935 1083 1061 1116 Cunctis
1087 1083 1197 1125 clares,
1224 1083 1297 1123 quia
1322 1092 1410 1115 cares

935 1130 1044 1169 Culpis
1069 1134 1162 1170 atque
1184 1131 1279 1170 plene
1301 1139 1362 1169 par
1387 1139 1420 1162 es

982 1176 1105 1208 Sanctis
1130 1178 1250 1217 magnis
1275 1177 1408 1210 meritis.

541 1251 572 1282 7.
598 1250 719 1291 Gaude,
745 1253 834 1283 tanta
860 1251 941 1283 dona
967 1251 1040 1283 diva

598 1297 728 1329 Sumens
751 1297 855 1330 laudis
880 1298 1048 1338 ostensiva,

639 1345 702 1376 Per
725 1354 814 1387 quae,
837 1347 938 1386 pater,
962 1346 1107 1390 petimus,

598 1390 643 1422 Ut
666 1400 686 1423 a
708 1391 799 1423 nobis
823 1400 907 1423 nune
929 1392 1041 1424 nociva

599 1437 706 1469 Tollas
731 1440 825 1478 atque
848 1439 1048 1477 permansiva

644 1485 790 1516 Praestes
814 1484 847 1516 in
874 1485 1070 1518 caelestibus.

269 1565 348 1593 Orat.
374 1574 427 1593 ms.
454 1566 498 1593 An
500 1566 647 1602 glieanum
666 1574 741 1594 saec.
770 1566 813 1594 15.
853 1567 922 1595 Coa.
941 1568 1104 1596 Lonffinen.
1122 1568 1252 1596 Arundel
1272 1567 1337 1597 203.
1363 1586 1396 1590 —
1421 1569 1447 1606 4,
1469 1569 1488 1597 2

194 1603 286 1630 Foeus
304 1603 385 1631 focus
405 1603 483 1630 linis.
503 1618 541 1623 —-
560 1602 585 1639 6,
605 1603 624 1631 4
644 1603 761 1632 Cunctis
784 1605 873 1632 daret.

558 1740 616 1772 166.
646 1742 688 1772 De
709 1750 733 1773 s.
754 1742 866 1774 Thema
886 1743 1109 1776 cantuariensi.

208 1838 238 1870 1.
264 1836 383 1878 Gaude,
409 1840 531 1878 martyr
550 1839 695 1881 gloriose,
873 1843 904 1875 3.
932 1841 1053 1882 Gaude,
1079 1842 1153 1882 quia
1177 1843 1325 1876 domuisti

264 1883 408 1927 Thomas,
436 1885 553 1923 primas
577 1886 724 1928 pretiose,

311 1932 441 1964 Praesul
467 1931 662 1975 Cantuariae,

263 1977 311 2008 Tu
335 1987 391 2010 nos
414 1982 468 2010 tua
491 1979 637 2018 passione

264 2024 439 2056 Consoleris
467 2025 501 2057 in
525 2035 625 2065 agone

309 2071 423 2103 Mortis
449 2075 480 2103 et
503 2073 687 2106 maestitiae.

207 2147 238 2177 2.
264 2144 386 2187 Gaude,
415 2147 524 2179 sedem
546 2150 760 2187 praesularem

267 2191 326 2229 Qui
349 2192 459 2224 rexisti
483 2194 690 2234 principalem

309 2238 410 2279 Regni
432 2240 655 2281 strenuissime,

264 2285 314 2316 Tu
332 2294 416 2318 nunc
431 2295 506 2328 rege
520 2293 663 2320 nostrum
678 2291 805 2331 statum,

264 2332 325 2364 Per
354 2336 387 2365 te
410 2332 503 2366 finem
527 2337 562 2367 ut
587 2335 713 2368 beatum

311 2379 472 2413 Sumamus
498 2383 702 2416 sanctissime.

933 1889 1075 1927 Carnem,
1102 1889 1183 1921 clam
1208 1891 1281 1923 dum
1305 1892 1437 1924 induisti

978 1935 1130 1970 Monachi
1159 1938 1305 1982 cilicium,

934 1982 1000 2015 Fac
1023 1993 1080 2015 nos
1106 1992 1219 2024 corpus
1244 1986 1399 2026 castigare

937 2029 1069 2069 Semper
1093 2034 1125 2062 et
1148 2033 1332 2066 continuare

980 2076 1103 2109 Bonum
1128 2080 1323 2112 exercitium.

882 2152 914 2182 4.
939 2150 1062 2192 Gaude,
1088 2154 1229 2193 graviter
1251 2158 1396 2200 vexatus,

935 2197 1019 2229 Dum
1042 2208 1100 2239 per
1125 2208 1230 2240 regem
1256 2203 1415 2235 exsulatus

981 2244 1064 2277 Eras
1088 2255 1147 2286 pro
1171 2248 1302 2288 iustitia,

935 2292 998 2323 Per
1021 2296 1055 2324 te
1077 2292 1216 2337 [omnes]
1241 2296 1408 2330 redeamus

933 2338 1011 2378 Nos,
1037 2341 1090 2380 qui
1114 2343 1225 2382 procul
1250 2344 1428 2378 exsulamus

980 2385 1074 2419 Nune
1097 2398 1117 2421 a
1140 2390 1205 2429 poli
1228 2391 1343 2431 patria.
