1655 2573
682 107 916 150 *85—

164 212 195 246 3.
223 210 344 252 Gaude,
371 209 444 251 quia
469 211 726 244 transformatam
901 212 989 244 Tuae
1013 220 1107 244 curae
1130 221 1186 244 nos
1213 212 1405 252 commenda,

222 258 267 290 Et
288 258 322 290 in
346 262 453 290 monte
479 260 722 291 demonstratam
900 259 966 291 Nos
992 262 1023 291 et
1046 259 1140 291 matri
1164 260 1394 301 recommenda,

271 305 367 338 Vides
394 305 512 338 Christi
537 305 661 346 faciem,
947 306 1032 345 Quae
1056 306 1102 339 sic
1126 309 1180 338 tua
1206 307 1330 340 dicitur.

224 351 289 384 SUb
314 355 348 384 ἶθ
372 353 453 385 ‘1¹²oe
475 355 542 385 tam
566 361 678 385 securo
846 364 876 395 6,
899 362 1020 403 Gaude,
1048 362 1166 394 Christi
1190 363 1278 402 pugil
1303 361 1405 402 fortis,

222 398 289 431 FaG
313 408 370 431 nOS
398 399 558 432 ChriStUm
582 400 615 432 in
640 398 746 432 fUUll'O
902 409 959 448 Qui
993 418 1055 441 non
1079 409 1170 441 times
1195 418 1312 448 poenas
1336 410 1446 442 mortis

274 446 392 479 Videre
418 449 449 478 (Ξῖ
469 448 619 489 SPessiem-
948 456 1016 488 Nec
1042 457 1202 488 dulcorem
1226 465 1379 496 senseras,

166 503 198 535 4.
224 501 346 545 Gaude,
373 504 497 535 tantum
521 505 557 535 tu
583 503 716 535 dilectus
900 503 968 535 Fac
990 511 1047 535 nos
1070 506 1204 535 mortem
1228 513 1291 536 non
1314 504 1434 546 timere,

226 549 317 588 Quod
341 550 374 582 in
402 558 478 582 cena
502 558 599 590 supra
623 552 733 590 pectus
901 549 967 581 Nos
992 550 1024 581 in
1049 549 1112 582 fine
1135 553 1171 582 tu
1194 553 1292 594 tuere,

273 596 425 635 Quievisti
450 596 588 636 Domini,
948 597 1005 635 Qui
1032 597 1078 628 sic
1102 596 1199 629 Satan
1221 606 1361 638 superas,

229 643 288 675 Per
312 643 396 696 ³1¹}ssss
420 651 563 674 SOmmlm
587 642 759 681 SPOOEalssm
844 654 874 684 7.
903 651 1022 691 Gaude,
1049 653 1138 692 virgo
1163 662 1288 693 semper
1307 662 1446 694 manem,

224 689 272 721 TU
298 692 433 728 qlllsstem
459 689 661 742 aeternale?
899 699 1023 738 Agnum
1055 707 1188 739 sequens
1214 703 1307 739 atque
1333 709 1446 733 canens

272 737 414 776 ῙῙΠΡθῗΓᾶ
437 744 521 768 nunc
545 736 674 768 honum.
947 744 1040 777 Nunc
1064 746 1097 778 in
1123 746 1216 778 choro
1241 747 1406 788 virginum,

171 795 201 826 5.
227 792 351 834 Gaude,
379 795 483 824 custos
507 792 616 824 matris
644 792 771 835 Christi,
901 793 967 824 Nos
992 802 1012 824 a
1033 792 1125 825 malis
1149 793 1203 825 hic
1224 795 1402 838 mundatos,

228 840 314 878 Quae
341 841 380 872 de
406 848 498 872 cruce
523 847 599 871 voce
623 839 708 870 tristi
900 839 972 871 Duc
995 839 1037 872 ad
1061 840 1163 872 Deum
1189 843 1220 871 et
1243 840 1353 873 beatos

272 886 354 919 Tota
379 887 438 919 tibi
461 886 609 926 traditur,
952 887 1020 919 Fac
1042 889 1115 926 post
1140 889 1223 920 vitae
1246 888 1423 921 terminum.

228 949 307 980 Orat.
332 960 386 980 ms.
410 952 604 987 Anglicanum
633 959 708 978 saec.
736 948 780 977 15.
825 950 894 979 Ood.
913 949 1075 979 Londincn.
1096 951 1225 979 Arundel
1243 949 1306 979 203.
1327 966 1363 971 —
1384 950 1410 985 2,
1430 951 1450 979 4

147 988 227 1017 fehlt.
258 1004 293 1008 —
323 987 349 1023 5,
369 986 388 1016 2
408 989 443 1016 de
462 997 534 1016 voce
556 996 648 1016 cruce.

566 1098 621 1131 161.
649 1099 693 1130 Dc
713 1100 823 1130 sancta
840 1099 1028 1131 Katharina..

162 1170 193 1203 1.
222 1169 342 1209 Gaude,
368 1170 457 1210 virgo
482 1170 672 1209 Katharina,
840 1172 872 1202 4.
899 1169 1020 1212 Gaude,
1046 1170 1139 1202 morti
1166 1179 1235 1201 cum
1260 1169 1364 1202 vicina

222 1216 309 1249 Caeli
335 1218 443 1249 clausa
466 1217 524 1248 sub
551 1216 675 1248 curtina
899 1217 969 1249 Tua
992 1218 1098 1249 cervix
1124 1216 1302 1249 columbina

269 1264 365 1303 Regis
389 1263 482 1295 heres
506 1263 582 1304 filia,
946 1263 1046 1297 Caesa
1070 1262 1107 1296 fit
1130 1264 1273 1303 saevitia,

221 1310 288 1343 Nos
314 1320 333 1342 a
358 1311 461 1342 carnis
486 1310 587 1350 culpis
610 1311 705 1350 mina,
898 1310 1007 1342 Laetis
1032 1309 1103 1342 fusa
1127 1309 1191 1342 fert
1214 1311 1348 1350 piscina,

222 1358 288 1397 Quo
313 1357 399 1389 beati
424 1358 505 1390 stola
530 1357 605 1389 bina
899 1357 990 1396 Quod
1017 1357 1060 1389 sis
1084 1358 1191 1389 insons
1217 1361 1249 1389 et
1273 1357 1386 1397 agnina

272 1405 374 1437 Simus
399 1406 474 1444 post
498 1405 618 1437 exsilia.
947 1405 1057 1438 Carnis
1083 1403 1247 1444 pudicitia.

166 1463 198 1495 2.
226 1461 346 1504 Gaude,
375 1461 469 1493 stella
492 1460 654 1504 matutina,
839 1461 870 1493 5.
897 1460 1016 1503 Gaude,
1044 1469 1135 1500 quam
1161 1460 1226 1492 fert
1250 1461 1330 1493 caeli
1354 1460 1431 1493 Sina

219 1508 286 1548 Qua
307 1507 345 1540 fit
368 1517 449 1542 vana
474 1507 656 1548 vespertina
897 1506 993 1549 CiviS‚
1018 1518 1038 1540 a
1062 1517 1124 1547 qua
1147 1508 1315 1548 peregrina

268 1556 439 1588 Rhetorum
466 1554 590 1598 peritia,
944 1555 1037 1587 Plebs
1061 1555 1143 1594 petit
1166 1555 1337 1597 praesidia,

221 1602 304 1641 Quos
331 1602 488 1635 convertis
514 1611 553 1634 ex
579 1601 732 1645 doctrina,
898 1602 955 1634 Fis
980 1602 1091 1634 salutis
1117 1601 1253 1643 officina,

220 1649 304 1683 Dum
329 1659 388 1692 pro
412 1649 476 1682 fide
500 1648 651 1681 feminina
897 1649 947 1681 De
979 1658 1041 1690 qua
1064 1653 1173 1682 manat
1196 1650 1354 1683 medicina

269 1697 431 1730 Sustinent
458 1696 625 1738 supplicia.
944 1696 1068 1729 Morbis
1096 1698 1174 1729 dans
1199 1698 1350 1732 remedia.

164 1755 195 1786 3.
224 1753 345 1793 Gaude,
374 1756 479 1786 mente
502 1754 629 1786 leonina
840 1755 871 1788 6.
896 1752 1017 1794 Gaude,
1053 1763 1126 1786 nam
1149 1758 1186 1786 ut
1208 1753 1265 1787 fios
1292 1755 1332 1787 de
1356 1756 1449 1795 spina

218 1802 309 1834 Rotis
335 1804 442 1832 astans
467 1801 496 1832 vi
525 1800 632 1832 divina
897 1800 1007 1833 Clares
1037 1802 1127 1841 quasi
1153 1802 1350 1845 crystallina,

267 1848 379 1881 Vincis
403 1847 570 1886 terribilia,
946 1850 1014 1882 Iam
1041 1849 1199 1891 corrumpi
1222 1851 1340 1892 nescia,

219 1895 304 1928 Dum
328 1899 469 1928 rotarum
493 1894 531 1927 fit.
554 1896 655 1938 ruina,
900 1895 967 1929 Nos
990 1898 1173 1937 redemptos
1197 1897 1293 1938 plaga
1318 1898 1413 1938 quina

217 1943 313 1975 Miles
339 1943 442 1975 credit
466 1946 497 1974 et
521 1943 640 1983 regina,
902 1942 1020 1976 Christi
1043 1944 1141 1977 Satan
1164 1945 1349 1986 serpentina

272 1990 337 2023 Sed
363 1994 395 2022 et
417 1990 517 2022 multa
539 1990 637 2024 milia.
949 1991 1062 2024 Serves
1090 2001 1111 2024 a
1130 1992 1262 2027 malitia.

502 2049 533 2081 ’7.
559 2046 679 2092 Gaude,
704 2056 788 2081 nova
810 2047 973 2089 inquilina,

556 2096 665 2136 Virgo,
689 2097 822 2137 martyr,
847 2096 983 2137 doctrix,
1008 2097 1093 2129 trina

604 2143 674 2176 Poli
698 2145 829 2183 portans
852 2144 1005 2186 praemia,

556 2190 657 2224 Nobis
680 2200 788 2224 aurem
810 2200 894 2224 nunc
916 2191 1045 2231 inclina,

556 2238 622 2272 Nos
647 2248 666 2272 a
691 2239 795 2271 carnis
819 2241 856 2271 ut
878 2240 1002 2272 sentina

603 2286 709 2321 Ducas
734 2287 776 2320 ad
802 2287 960 2320 caelestia.

223 2355 302 2382 Orat.
327 2362 380 2381 ms.
407 2352 601 2389 Anglicanum
626 2360 701 2381 saec.
732 2350 775 2380 15.
815 2351 883 2380 Cod.
904 2352 1067 2381 Londinen.
1090 2353 1218 2381 Arundel
1238 2350 1302 2382 203.
1324 2367 1359 2372 --
1384 2351 1409 2387 5,
1433 2350 1447 2380 1

143 2391 201 2420 fert
220 2392 294 2420 caeli
313 2392 406 2427 signa..
428 2407 463 2411 —
503 2390 528 2426 5,
550 2388 567 2417 2
589 2390 678 2419 Cuius
699 2399 784 2427 aqua.
806 2405 842 2410 -ν
863 2390 888 2425 7,
912 2389 926 2418 1
949 2391 1050 2420 Gaude
1071 2400 1130 2419 non
1150 2392 1304 2429 inquilina.
