1655 2573
766 168 809 173 -
858 147 902 183 78
950 165 997 170 -

926 243 979 275 13.

277 244 308 275 9.
332 243 434 275 Huius
459 244 650 284 quaternarii

377 293 464 322 certa
486 291 543 322 sub
568 290 668 331 figura

334 337 493 377 Exprimit
516 338 698 377 mysterium

380 385 479 415 crucis
507 385 708 424 quadratura,

333 431 416 469 Quae
439 431 548 462 mundi
573 429 742 469 quadrifidi

376 480 482 516 partes
508 477 709 516 complexura

333 522 546 561 Quadriformi
569 523 743 562 praeminet

378 578 525 601 cornuum
551 572 718 601 structura.

253 637 304 667 10.
331 634 512 666 Gratiarum
536 635 672 667 omnium

378 689 453 713 crux
479 684 527 713 est
549 682 721 724 plenitudo,

331 728 392 760 Per
417 737 539 760 crucem
559 729 747 768 prudentiae

375 776 477 814 surgit
501 776 664 815 certitudo,

330 820 490 853 Firmatur
514 822 643 857 iustitia.

377 868 462 907 viget
487 867 648 910 fortitudo,

333 914 396 946 Sed
421 919 452 946 et
474 915 701 954 temperantiae

376 965 489 993 vernat
509 962 722 1001 pulchritudO.

252 1026 303 1059 11.
331 1026 393 1058 I‘er
415 1027 496 1058 hanc
520 1028 683 1067 evangelii,

379 1073 511 1113 Christe,
538 1075 771 1114 quadraturam,

328 1120 390 1150 Per
416 1121 515 1151 crucis
542 1121 716 1152 dominicae

376 1167 538 1205 mysticam
563 1166 705 1206 figuram,

330 1212 391 1243 Per
415 1213 564 1244 virtutum
589 1217 721 1253 quatuor

375 1259 517 1291 stabilem
543 1263 741 1300 structuram,

330 1305 447 1337 Nostra
469 1305 597 1338 firmans
621 1309 752 1346 pectora

377 1352 471 1383 vitam
495 1357 623 1391 praesta
646 1363 766 1392 puram.

252 1417 303 1449 12.
332 1416 509 1449 Uaehbatus
534 1418 666 1449 celebns

378 1464 457 1494 caeli
480 1464 543 1495 iam
566 1465 704 1506 conviva,

331 1508 425 1549 Luca,
451 1519 507 1541 nos
532 1511 674 1543 illumina

375 1556 445 1587 luce
471 1557 622 1599 rediviva,

332 1602 471 1634 Caritate
495 1604 668 1643 reprimens

379 1650 480 1681 earnis
503 1650 671 1693 incentiva,

923 636 975 668 14.

922 1029 975 1060 15.

922 1420 974 1452 16.

1006 242 1052 273 Te
1075 241 1132 273 sub
1155 241 1336 274 animalium

1052 289 1162 328 typica
1182 288 1284 329 figura

1005 335 1190 375 Praesignat
1212 336 1244 367 in
1270 337 1368 368 vitulo

1051 383 1186 422 mystica
1208 383 1358 423 sciptura,

1006 428 1082 460 Cum
1107 429 1258 461 scribenti
1282 430 1417 461 maxi-me

1075 474 1171 507 fuerit
1196 476 1228 507 in
1255 485 1331 508 cura

1003 521 1133 562 Mystici
1156 531 1240 554 mors
1265 523 1358 554 vituli

1048 569 1197 600 mundum
1224 570 1434 609 redemptura.

1001 634 1050 666 Ne
1075 635 1149 675 quid
1175 645 1263 667 suum
1289 636 1435 667 vendicet

1049 682 1159 714 mortis
1184 691 1247 714 nox
1271 684 1440 722 secundae,

1002 728 1136 760 Sanctae
1160 730 1238 760 lucis
1264 730 1365 769 radio,

1049 775 1145 815 Luca,
1172 785 1228 807 nos
1254 775 1421 818 perfunde,

1001 822 1047 854 Ut
1071 823 1111 853 de
1135 825 1245 855 nostra
1269 824 1341 854 luce
1365 824 1429 855 sint

1047 869 1184 909 virgines
1208 869 1374 910 iucundae,

1003 915 1084 954 Quas
1105 916 1299 955 praecedent
1321 917 1485 956 lampades

1051 963 1119 994 oleo
1144 962 1311 995 fecundae.

1001 1027 1200 1067 septiformis
1225 1029 1346 1069 gratiae

1049 1075 1162 1114 spiritu
1186 1076 1336 1115 repletus,

1001 1122 1051 1153 De
1073 1124 1175 1153 morte
1197 1123 1386 1162 tripudians,

1051 1168 1090 1199 de
1115 1169 1275 1210 triumpho
1299 1170 1412 1209 laetus,

1001 1215 1030 1246 A
1056 1215 1172 1247 mundo
1197 1216 1260 1247 iam
1284 1216 1405 1248 meritis

1049 1265 1212 1302 morteque
1233 1263 1387 1294 discretus

1002 1307 1123 1340 Vernas
1146 1310 1231 1341 inter
1254 1308 1384 1342 floridos

1049 1356 1219 1387 electorum
1245 1360 1360 1389 coetus.

1000 1420 1069 1451 Lux
1095 1421 1135 1452 de
1158 1421 1228 1453 luce
1252 1422 1381 1454 radians

1049 1467 1161 1508 patris,
1186 1477 1250 1507 pax
1274 1469 1408 1511 interna,

1001 1513 1049 1544 Tu
1073 1522 1130 1545 nos
1155 1513 1242 1546 Luca
1266 1515 1393 1555 remige,

1049 1569 1156 1601 regum
1181 1570 1248 1601 rex,
1273 1562 1422 1605 guberna,

1002 1606 1064 1638 Per
1087 1607 1165 1638 haec
1187 1608 1295 1640 mundi
1320 1610 1421 1641 maria

1051 1654 1167 1685 ducens
1193 1655 1234 1687 ad
1259 1665 1406 1698 superna,

331 1695 380 1727 Ne
404 1705 458 1727 cor
480 1700 553 1728 urat
574 1698 736 1729 criminum

376 1742 472 1773 febris
498 1743 646 1776 recidiva.

1004 1700 1067 1732 Ubi
1092 1710 1154 1740 pax
1180 1704 1212 1733 et
1235 1702 1352 1734 veritas

1051 1750 1084 1778 et
1105 1748 1160 1779 lux
1185 1751 1234 1780 est
1256 1752 1396 1783 aeterna.

310 1835 388 1861 Orat.
409 1843 459 1861 ms.
480 1836 670 1870 Anglicanum
691 1847 765 1866 saec.
788 1838 830 1867 13.
869 1841 938 1869 Cod.
959 1841 1119 1869 Londinen.
1140 1841 1188 1869 Ar.
1209 1839 1273 1870 201.

658 1985 717 2016 156.
747 1986 789 2017 De
811 1988 916 2019 saneto
937 1987 1104 2019 Matthaeo.

249 2061 278 2093 1.
306 2060 367 2091 Pro
391 2061 492 2093 salute
515 2063 700 2104 supplicum,

349 2106 430 2150 Iesu,
456 2107 501 2139 fili
525 2108 595 2148 Dei,

307 2153 388 2184 Vota
412 2154 547 2186 clemens
568 2157 692 2196 suscipe

351 2208 524 2240 precesque
547 2202 711 2242 Matthaei,

306 2246 351 2278 Ut
373 2246 463 2278 nobis
488 2248 628 2280 obtineat

352 2291 488 2325 fructum
512 2298 640 2327 sanctae
663 2297 740 2339 spei,

306 2339 460 2372 Diadema
487 2341 669 2382 praeferens

353 2397 491 2420 summae
514 2390 632 2429 speciei

921 2069 952 2099 2.
980 2066 1062 2098 Vera
1087 2069 1314 2107 paenitentium

1026 2115 1216 2154 exemplaris
1240 2125 1361 2159 norma,

976 2160 1029 2191 Ad
1052 2162 1229 2200 exemplum
1253 2164 1372 2195 veniae.

1024 2209 1141 2248 sancte,
1167 2217 1224 2240 nos
1248 2209 1395 2250 informa,

979 2253 1150 2285 Innovatos
1175 2255 1293 2287 homini

1025 2309 1106 2332 novo
1130 2310 1188 2333 nos
1214 2302 1385 2344 conforma,

982 2346 1046 2379 Sub
1071 2347 1208 2381 humana
1230 2351 1364 2391 mystice

1028 2398 1297 2433 praemonstratus
1324 2397 1436 2435 forma.
