1655 2573
117 206 150 240 3.
177 207 301 241 Relicto
325 209 450 243 teloneo

224 254 395 288 Dominum
422 262 558 300 secutus,

177 300 268 333 Sedis
294 305 489 342 apostolicae

224 348 349 382 culmen
374 355 546 393 assecutus,

173 394 319 427 Veterem
346 405 415 429 cum
440 399 563 432 actibus

222 441 380 475 hominem
406 448 530 486 citatus,

175 489 292 521 Vivens
315 490 348 522 in
374 491 496 525 iustitia

220 545 336 568 novum
361 546 394 570 es
418 539 557 573 indutus,

118 612 149 645 4.
177 611 268 643 Curis
292 612 370 644 licet
393 614 530 653 publicis

225 662 309 690 esset
334 668 421 692 mens
445 661 577 704 intenta,

178 705 322 746 Simplex
345 707 379 739 in
404 708 529 740 teloneo

226 752 306 785 fides
332 756 382 786 est
403 755 544 794 inventa,

176 799 227 832 De
251 802 428 834 commissis
453 803 582 844 exigens

221 849 376 881 Dominus
401 852 570 889 augmenta

172 893 255 927 Suae
278 896 339 927 tibi
364 897 486 937 gratiae

218 942 354 975 tradidit
377 944 509 976 talenta.

119 1019 148 1050 5.
176 1018 265 1050 Inter
289 1017 438 1051 animalia

221 1066 354 1105 mystica
381 1068 586 1105 monstratus,

174 1112 239 1144 Sub
263 1113 401 1144 humana
426 1114 533 1152 specie

221 1161 393 1199 splendens
418 1161 648 1204 praesignatus,

177 1206 280 1239 Deum
305 1205 424 1238 factum
447 1207 604 1240 hominem

223 1254 330 1294 palam
355 1258 559 1295 protestatuS,

177 1301 223 1334 Ut
245 1305 348 1333 morte
366 1302 546 1334 mortalium

223 1349 363 1380 solveret
383 1353 501 1381 reatus.

120 1427 150 1457 6.
176 1423 219 1457 Ut
244 1424 399 1463 possimus
423 1424 541 1456 homini

223 1479 303 1503 novo
331 1469 530 1511 conformari,

175 1520 307 1551 I’recum
331 1527 388 1550 nos
413 1517 560 1558 suffragio

220 1566 294 1598 iuva
318 1565 460 1603 salutari,

147 1639 153 1642 .
175 1613 262 1645 Dans
286 1613 375 1644 illum
399 1612 433 1644 in
459 1613 559 1653 gloria

224 1661 341 1692 celsum
368 1660 584 1700 contemplari,

177 1707 236 1747 Qui
260 1716 318 1746 pro
343 1706 434 1738 nobis
459 1706 560 1738 voluit

228 1754 348 1785 caelum
368 1753 524 1786 inclinari.

123 1831 157 1862 7.
182 1828 236 1859 Au
260 1827 385 1858 infirma
410 1826 551 1864 corporis

231 1873 329 1913 gratis
353 1872 547 1913 inclinatum,

186 1921 375 1952 Incurvatur
400 1918 536 1950 omnium

234 1966 355 1998 culmen
381 1966 582 2006 potestatum,

187 2015 264 2047 Cum
290 2022 347 2052 pro
371 2010 591 2052 peccatoribus

234 2060 366 2093 verbum
390 2060 589 2090 incarnatum

188 2110 228 2142 Se
250 2108 337 2141 velut
361 2105 574 2138 exterminans

236 2154 386 2188 terminat
408 2155 585 2193 peccatum.

133 2238 164 2266 8.
191 2234 260 2266 Lux
286 2232 326 2264 de
349 2232 421 2264 luce
444 2229 607 2270 prodiens,

235 2281 292 2312 lux
315 2288 379 2311 non
403 2277 557 2319 peritura,

189 2328 252 2360 Suo
276 2326 369 2359 nobis
395 2325 515 2360 lumine

238 2374 357 2415 detegit
381 2374 526 2412 obscura,

738 115 879 152 79-

881 212 936 252 Ut,
962 211 1046 251 quod
1070 211 1104 243 in
1128 209 1305 250 aenigmate

927 258 1053 290 nuntiat
1068 257 1178 298 figura,

879 306 977 338 Plene
1000 305 1090 337 nobis
1115 306 1236 336 reseret

924 352 1003 385 visio
1028 351 1145 385 futura.

821 430 850 461 9.
877 429 998 469 Regum
1024 437 1080 459 rex
1104 425 1240 468 Adonai,

928 478 1039 514 potens
1066 477 1098 506 et
1120 474 1266 511 invictus,

879 522 965 554 ‘Deus
991 531 1023 554 es
1051 522 1247 561 omnipotens

924 578 962 602 ex
988 568 1099 601 effectu
1123 568 1236 606 dictus,

881 616 969 648 Tuae
992 619 1100 648 noster
1127 615 1249 646 animus

926 663 1015 694 laudi
1039 662 1081 693 sit
1105 661 1261 702 addictus,

882 709 951 741 Nec
974 710 1097 741 vinctus
1119 707 1280 739 illecebris

927 765 987 788 nec
1010 756 1118 788 labore
1142 755 1255 787 victus,

801 832 854 865 10.
883 831 927 863 'l'u
954 831 994 864 de
1017 831 1084 863 Deo
1109 830 1195 863 Deus
1222 838 1254 861 es

931 879 1093 918 deitasque
1117 886 1202 917 vera,

880 925 929 957 De
953 925 1055 966 patris
1081 925 1218 957 essentia

928 971 1044 1011 simpla
1068 974 1163 1012 atque
1186 979 1274 1002 mera

880 1017 1061 1050 Procedens
1085 1018 1271 1056 substantia,

928 1065 986 1097 tibi
1011 1065 1153 1105 quamvis
1172 1073 1242 1097 sera

883 1112 1079 1144 Paenitentis
1103 1112 1228 1153 placeat

927 1159 1060 1192 lacrima
1084 1160 1216 1191 sincera.

800 1236 849 1268 11,
880 1235 991 1268 Multis
1017 1244 1067 1267 me
1090 1233 1298 1274 praeveniens

928 1282 1038 1321 gratiis
1063 1283 1221 1321 ingratum

877 1328 1009 1361 Excitas
1035 1329 1076 1359 ad
1101 1327 1220 1367 gratias

925 1375 1022 1415 gratis
1047 1374 1223 1415 invitatum,

877 1421 964 1454 Tuae
989 1421 1089 1453 virtus
1119 1420 1240 1461 gratiae

923 1468 1043 1500 relevet
1065 1470 1240 1510 peccatum,

877 1519 943 1555 Quo
969 1524 1019 1548 me
1043 1514 1140 1547 miser
1164 1514 1267 1547 sentio

926 1564 1008 1595 male
1033 1565 1288 1604 praegravatum.

796 1641 851 1672 12.
877 1639 1026 1678 Quamvis
1052 1638 1257 1679 singularitas

927 1689 1019 1718 sonet
1041 1686 1076 1717 in
1099 1694 1255 1725 sermone,

883 1733 1010 1765 Peccati
1034 1733 1202 1774 pluralitas

929 1783 979 1811 est
998 1780 1032 1811 in
1059 1780 1193 1819 annona

882 1826 956 1857 Tibi
980 1829 1094 1865 patent
1118 1826 1236 1867 omnia,

930 1873 1028 1910 solve,
1054 1872 1126 1903 1esu
1148 1872 1240 1911 bone,

886 1917 977 1954 Quod
1006 1920 1134 1949 nostrae
1157 1926 1219 1949 non
1246 1917 1371 1956 capitur

936 1963 1048 1993 mentis
1073 1963 1205 1994 ratione.

809 2038 863 2069 13.
889 2036 939 2067 Tu
964 2036 1067 2067 dictus
1092 2035 1262 2074 Emamml,

939 2082 984 2113 sis
1007 2080 1172 2113 nobiscum
1195 2080 1293 2123 Deus,

894 2130 963 2168 Ago
988 2127 1049 2159 tibi
1073 2127 1202 2167 gratias,

942 2184 1005 2207 non
1028 2178 1064 2206 ut
1087 2174 1282 2216 pharisaeae,

900 2221 1107 2256 Publicanum
1130 2221 1237 2253 imitor

945 2269 1135 2311 publiceque
1159 2276 1231 2300 reus

900 2320 1034 2353 Precor:
1059 2317 1102 2348 sit
1125 2315 1281 2356 propitius

940 2364 1016 2397 mihi
1042 2362 1129 2396 Deus
1152 2372 1251 2395 meus.
