<?xml version="1.0" encoding="UTF-8"?>
<!DOCTYPE html PUBLIC "-//W3C//DTD XHTML 1.0 Transitional//EN"
    "http://www.w3.org/TR/xhtml1/DTD/xhtml1-transitional.dtd">
<html xmlns="http://www.w3.org/1999/xhtml" xml:lang="en" lang="en">
 <head>
  <title>
</title>
<meta http-equiv="Content-Type" content="text/html;charset=utf-8" />
  <meta name='ocr-system' content='tesseract 3.04.00' />
  <meta name='ocr-capabilities' content='ocr_page ocr_carea ocr_par ocr_line ocrx_word'/>
</head>
<body>
  <div class='ocr_page' id='page_1' title='image "./analectahymnica29drevuoft_00234.png"; bbox 0 0 1655 2573; ppageno 0'>
   <div class='ocr_carea' id='block_1_1' title="bbox 740 147 993 182">
    <p class='ocr_par' dir='ltr' id='par_1_1' title="bbox 740 147 993 182">
     <span class='ocr_line' id='line_1_1' title="bbox 740 147 993 182; baseline 0 0"><span class='ocrx_word' id='word_1_1' title='bbox 740 147 993 182; x_wconf 82' lang='lat'>—231—</span> 
     </span>
    </p>
   </div>
   <div class='ocr_carea' id='block_1_2' title="bbox 214 238 1508 316">
    <p class='ocr_par' dir='ltr' id='par_1_2' title="bbox 214 238 1508 316">
     <span class='ocr_line' id='line_1_2' title="bbox 215 238 1508 277; baseline 0.005 -13"><span class='ocrx_word' id='word_1_2' title='bbox 215 240 262 265; x_wconf 79' lang='lat' dir='ltr'>est</span> <span class='ocrx_word' id='word_1_3' title='bbox 284 238 486 267; x_wconf 74' lang='lat' dir='ltr'><strong>sacerdotium.</strong></span> <span class='ocrx_word' id='word_1_4' title='bbox 515 255 551 259; x_wconf 89' lang='lat'>-</span> <span class='ocrx_word' id='word_1_5' title='bbox 578 238 642 274; x_wconf 98' lang='lat'>275,</span> <span class='ocrx_word' id='word_1_6' title='bbox 664 239 682 268; x_wconf 88' lang='grc'>5</span> <span class='ocrx_word' id='word_1_7' title='bbox 701 241 892 269; x_wconf 74' lang='lat' dir='ltr'><strong>Praetereunt</strong></span> <span class='ocrx_word' id='word_1_8' title='bbox 916 243 948 268; x_wconf 90' lang='lat' dir='ltr'>in</span> <span class='ocrx_word' id='word_1_9' title='bbox 974 242 1109 269; x_wconf 79' lang='lat' dir='ltr'>semivita</span> <span class='ocrx_word' id='word_1_10' title='bbox 1128 241 1188 276; x_wconf 82' lang='lat' dir='ltr'>(cfr.</span> <span class='ocrx_word' id='word_1_11' title='bbox 1208 240 1272 275; x_wconf 82' lang='lat'>280,</span> <span class='ocrx_word' id='word_1_12' title='bbox 1296 241 1331 275; x_wconf 85' lang='grc'>1).</span> <span class='ocrx_word' id='word_1_13' title='bbox 1349 259 1386 262; x_wconf 91' lang='grc'>-</span> <span class='ocrx_word' id='word_1_14' title='bbox 1406 241 1469 277; x_wconf 88' lang='grc'><strong>299,</strong></span> <span class='ocrx_word' id='word_1_15' title='bbox 1490 241 1508 271; x_wconf 86' lang='grc'><strong>3</strong></span> 
     </span>
     <span class='ocr_line' id='line_1_3' title="bbox 214 274 1405 316; baseline 0.004 -14"><span class='ocrx_word' id='word_1_16' title='bbox 214 277 365 312; x_wconf 85' lang='lat' dir='ltr'>perpetim.</span> <span class='ocrx_word' id='word_1_17' title='bbox 387 292 423 296; x_wconf 92' lang='lat'>—</span> <span class='ocrx_word' id='word_1_18' title='bbox 443 274 508 312; x_wconf 89' lang='lat'><strong>310,</strong></span> <span class='ocrx_word' id='word_1_19' title='bbox 530 276 547 304; x_wconf 84' lang='lat'>6</span> <span class='ocrx_word' id='word_1_20' title='bbox 566 281 672 306; x_wconf 86' lang='lat' dir='ltr'>neutra</span> <span class='ocrx_word' id='word_1_21' title='bbox 691 281 717 306; x_wconf 85' lang='lat' dir='ltr'>si</span> <span class='ocrx_word' id='word_1_22' title='bbox 737 279 921 306; x_wconf 84' lang='lat' dir='ltr'>dissentiens.</span> <span class='ocrx_word' id='word_1_23' title='bbox 941 294 978 298; x_wconf 90' lang='lat'>—</span> <span class='ocrx_word' id='word_1_24' title='bbox 998 276 1062 311; x_wconf 83' lang='lat'>332,</span> <span class='ocrx_word' id='word_1_25' title='bbox 1083 277 1101 306; x_wconf 90' lang='lat'>2</span> <span class='ocrx_word' id='word_1_26' title='bbox 1121 280 1269 307; x_wconf 83' lang='lat' dir='ltr'>Resistere</span> <span class='ocrx_word' id='word_1_27' title='bbox 1288 281 1339 316; x_wconf 85' lang='lat' dir='ltr'>qui</span> <span class='ocrx_word' id='word_1_28' title='bbox 1359 281 1405 307; x_wconf 88' lang='lat' dir='ltr'>sit.</span> 
     </span>
    </p>
   </div>
   <div class='ocr_carea' id='block_1_3' title="bbox 205 323 1512 2436">
    <p class='ocr_par' dir='ltr' id='par_1_3' title="bbox 205 323 1512 2436">
     <span class='ocr_line' id='line_1_4' title="bbox 291 323 1508 362; baseline 0.003 -12"><span class='ocrx_word' id='word_1_29' title='bbox 291 323 327 350; x_wconf 90' lang='lat' dir='ltr'>In</span> <span class='ocrx_word' id='word_1_30' title='bbox 353 323 404 350; x_wconf 86' lang='lat' dir='ltr'>der</span> <span class='ocrx_word' id='word_1_31' title='bbox 422 324 477 351; x_wconf 82' lang='lat' dir='ltr'>Hs.</span> <span class='ocrx_word' id='word_1_32' title='bbox 502 325 596 361; x_wconf 86' lang='lat' dir='ltr'>gehen</span> <span class='ocrx_word' id='word_1_33' title='bbox 623 325 678 352; x_wconf 89' lang='lat' dir='ltr'>den</span> <span class='ocrx_word' id='word_1_34' title='bbox 701 326 852 353; x_wconf 78' lang='lat' dir='ltr'>einzelnen</span> <span class='ocrx_word' id='word_1_35' title='bbox 871 325 1016 361; x_wconf 85' lang='lat' dir='ltr'>Strophen</span> <span class='ocrx_word' id='word_1_36' title='bbox 1035 325 1104 353; x_wconf 86' lang='lat' dir='ltr'>oder</span> <span class='ocrx_word' id='word_1_37' title='bbox 1123 325 1399 362; x_wconf 82' lang='lat' dir='ltr'>Strophengruppen</span> <span class='ocrx_word' id='word_1_38' title='bbox 1418 327 1508 355; x_wconf 89' lang='lat' dir='ltr'>kurze</span> 
     </span>
     <span class='ocr_line' id='line_1_5' title="bbox 213 361 1507 399; baseline 0.004 -12"><span class='ocrx_word' id='word_1_39' title='bbox 213 361 465 397; x_wconf 77' lang='lat' dir='ltr'>Inhaltsangaben</span> <span class='ocrx_word' id='word_1_40' title='bbox 483 363 603 398; x_wconf 85' lang='lat' dir='ltr'>vorher,</span> <span class='ocrx_word' id='word_1_41' title='bbox 629 363 677 390; x_wconf 87' lang='lat' dir='ltr'>die</span> <span class='ocrx_word' id='word_1_42' title='bbox 696 365 727 390; x_wconf 88' lang='lat' dir='ltr'>in</span> <span class='ocrx_word' id='word_1_43' title='bbox 747 363 798 390; x_wconf 88' lang='lat' dir='ltr'>der</span> <span class='ocrx_word' id='word_1_44' title='bbox 818 363 963 391; x_wconf 83' lang='lat' dir='ltr'>Urscbrift</span> <span class='ocrx_word' id='word_1_45' title='bbox 981 363 1238 399; x_wconf 80' lang='lat' dir='ltr'>augenseheinlich</span> <span class='ocrx_word' id='word_1_46' title='bbox 1257 372 1304 391; x_wconf 87' lang='lat' dir='ltr'>am</span> <span class='ocrx_word' id='word_1_47' title='bbox 1325 364 1425 391; x_wconf 78' lang='lat' dir='ltr'>Raude</span> <span class='ocrx_word' id='word_1_48' title='bbox 1444 373 1507 392; x_wconf 88' lang='lat' dir='ltr'>ver-</span> 
     </span>
     <span class='ocr_line' id='line_1_6' title="bbox 214 398 1507 437; baseline 0.003 -12"><span class='ocrx_word' id='word_1_49' title='bbox 214 398 311 425; x_wconf 86' lang='lat' dir='ltr'>merkt</span> <span class='ocrx_word' id='word_1_50' title='bbox 335 407 442 426; x_wconf 82' lang='lat' dir='ltr'>waren.</span> <span class='ocrx_word' id='word_1_51' title='bbox 483 400 530 427; x_wconf 88' lang='lat' dir='ltr'>Da</span> <span class='ocrx_word' id='word_1_52' title='bbox 557 400 704 428; x_wconf 88' lang='lat' dir='ltr'>dieselben</span> <span class='ocrx_word' id='word_1_53' title='bbox 728 409 794 427; x_wconf 80' lang='lat' dir='ltr'>zum</span> <span class='ocrx_word' id='word_1_54' title='bbox 814 401 1037 428; x_wconf 70' lang='lat' dir='ltr'>Verstandnisse</span> <span class='ocrx_word' id='word_1_55' title='bbox 1056 401 1150 429; x_wconf 86' lang='lat' dir='ltr'>niehts</span> <span class='ocrx_word' id='word_1_56' title='bbox 1172 401 1240 429; x_wconf 89' lang='lat' dir='ltr'>oder</span> <span class='ocrx_word' id='word_1_57' title='bbox 1258 411 1313 428; x_wconf 92' lang='lat' dir='ltr'>nur</span> <span class='ocrx_word' id='word_1_58' title='bbox 1333 403 1428 437; x_wconf 83' lang='lat' dir='ltr'>wenig</span> <span class='ocrx_word' id='word_1_59' title='bbox 1447 402 1507 429; x_wconf 88' lang='lat' dir='ltr'>bei-</span> 
     </span>
     <span class='ocr_line' id='line_1_7' title="bbox 215 435 1510 472; baseline 0.003 -10"><span class='ocrx_word' id='word_1_60' title='bbox 215 438 327 472; x_wconf 82' lang='lat' dir='ltr'>tragen,</span> <span class='ocrx_word' id='word_1_61' title='bbox 349 436 397 463; x_wconf 88' lang='lat' dir='ltr'>die</span> <span class='ocrx_word' id='word_1_62' title='bbox 410 435 583 471; x_wconf 83' lang='lat' dir='ltr'>Symmetrie</span> <span class='ocrx_word' id='word_1_63' title='bbox 603 438 652 465; x_wconf 87' lang='lat' dir='ltr'>des</span> <span class='ocrx_word' id='word_1_64' title='bbox 666 438 799 465; x_wconf 86' lang='lat' dir='ltr'>Druckes</span> <span class='ocrx_word' id='word_1_65' title='bbox 820 439 890 465; x_wconf 87' lang='lat' dir='ltr'>aber</span> <span class='ocrx_word' id='word_1_66' title='bbox 908 447 957 465; x_wconf 89' lang='lat' dir='ltr'>um</span> <span class='ocrx_word' id='word_1_67' title='bbox 971 446 1003 465; x_wconf 88' lang='lat' dir='ltr'>so</span> <span class='ocrx_word' id='word_1_68' title='bbox 1018 438 1198 466; x_wconf 85' lang='lat' dir='ltr'>erheblicher</span> <span class='ocrx_word' id='word_1_69' title='bbox 1211 441 1308 466; x_wconf 74' lang='lat' dir='ltr'>sttiren</span> <span class='ocrx_word' id='word_1_70' title='bbox 1321 439 1446 472; x_wconf 80' lang='lat' dir='ltr'>wiirden,</span> <span class='ocrx_word' id='word_1_71' title='bbox 1467 439 1510 466; x_wconf 87' lang='lat' dir='ltr'>als</span> 
     </span>
     <span class='ocr_line' id='line_1_8' title="bbox 219 473 1508 512; baseline 0.002 -12"><span class='ocrx_word' id='word_1_72' title='bbox 219 474 263 500; x_wconf 91' lang='lat' dir='ltr'>sie</span> <span class='ocrx_word' id='word_1_73' title='bbox 286 473 439 501; x_wconf 82' lang='lat' dir='ltr'>bisweilen</span> <span class='ocrx_word' id='word_1_74' title='bbox 466 475 619 502; x_wconf 87' lang='lat' dir='ltr'>innerhalb</span> <span class='ocrx_word' id='word_1_75' title='bbox 646 475 696 502; x_wconf 89' lang='lat' dir='ltr'>der</span> <span class='ocrx_word' id='word_1_76' title='bbox 722 475 868 511; x_wconf 86' lang='lat' dir='ltr'>Strophen</span> <span class='ocrx_word' id='word_1_77' title='bbox 893 476 1091 512; x_wconf 81' lang='lat' dir='ltr'>anzubringen</span> <span class='ocrx_word' id='word_1_78' title='bbox 1114 478 1225 510; x_wconf 77' lang='lat' dir='ltr'>waren,</span> <span class='ocrx_word' id='word_1_79' title='bbox 1252 485 1283 503; x_wconf 91' lang='lat' dir='ltr'>so</span> <span class='ocrx_word' id='word_1_80' title='bbox 1310 476 1376 504; x_wconf 87' lang='lat' dir='ltr'>sind</span> <span class='ocrx_word' id='word_1_81' title='bbox 1400 478 1444 503; x_wconf 87' lang='lat' dir='ltr'>sie</span> <span class='ocrx_word' id='word_1_82' title='bbox 1468 478 1508 503; x_wconf 91' lang='lat' dir='ltr'>im</span> 
     </span>
     <span class='ocr_line' id='line_1_9' title="bbox 214 511 1511 550; baseline 0.003 -13"><span class='ocrx_word' id='word_1_83' title='bbox 214 511 306 538; x_wconf 83' lang='lat' dir='ltr'>Texte</span> <span class='ocrx_word' id='word_1_84' title='bbox 326 511 519 547; x_wconf 85' lang='lat' dir='ltr'>fortgelassen</span> <span class='ocrx_word' id='word_1_85' title='bbox 537 513 610 546; x_wconf 90' lang='lat' dir='ltr'>und,</span> <span class='ocrx_word' id='word_1_86' title='bbox 636 513 703 540; x_wconf 86' lang='lat' dir='ltr'>falls</span> <span class='ocrx_word' id='word_1_87' title='bbox 719 512 839 547; x_wconf 84' lang='lat' dir='ltr'>jemand</span> <span class='ocrx_word' id='word_1_88' title='bbox 858 514 901 540; x_wconf 86' lang='lat' dir='ltr'>sie</span> <span class='ocrx_word' id='word_1_89' title='bbox 920 514 1080 540; x_wconf 82' lang='lat' dir='ltr'>vermissen</span> <span class='ocrx_word' id='word_1_90' title='bbox 1096 514 1194 547; x_wconf 81' lang='lat' dir='ltr'>sollte,</span> <span class='ocrx_word' id='word_1_91' title='bbox 1214 514 1278 541; x_wconf 89' lang='lat' dir='ltr'>hier</span> <span class='ocrx_word' id='word_1_92' title='bbox 1297 514 1511 550; x_wconf 83' lang='lat' dir='ltr'>nachgetragen</span> 
     </span>
     <span class='ocr_line' id='line_1_10' title="bbox 216 547 1510 585; baseline 0.002 -10"><span class='ocrx_word' id='word_1_93' title='bbox 216 547 343 576; x_wconf 62' lang='lat' dir='ltr'>*everden-</span> <span class='ocrx_word' id='word_1_94' title='bbox 376 549 524 577; x_wconf 83' lang='lat' dir='ltr'>chesmal</span> <span class='ocrx_word' id='word_1_95' title='bbox 543 559 587 577; x_wconf 87' lang='lat' dir='ltr'>wo</span> <span class='ocrx_word' id='word_1_96' title='bbox 609 551 660 578; x_wconf 89' lang='lat' dir='ltr'>der</span> <span class='ocrx_word' id='word_1_97' title='bbox 680 551 745 578; x_wconf 90' lang='lat' dir='ltr'>eine</span> <span class='ocrx_word' id='word_1_98' title='bbox 757 550 821 577; x_wconf 85' lang='lat' dir='ltr'>Teil</span> <span class='ocrx_word' id='word_1_99' title='bbox 841 550 897 577; x_wconf 86' lang='lat' dir='ltr'>den</span> <span class='ocrx_word' id='word_1_100' title='bbox 910 550 1019 577; x_wconf 86' lang='lat' dir='ltr'>andern</span> <span class='ocrx_word' id='word_1_101' title='bbox 1032 552 1063 577; x_wconf 91' lang='lat' dir='ltr'>in</span> <span class='ocrx_word' id='word_1_102' title='bbox 1077 550 1127 578; x_wconf 90' lang='lat' dir='ltr'>der</span> <span class='ocrx_word' id='word_1_103' title='bbox 1139 551 1219 578; x_wconf 83' lang='lat' dir='ltr'>Rede</span> <span class='ocrx_word' id='word_1_104' title='bbox 1234 551 1337 585; x_wconf 69' lang='lat' dir='ltr'>ablost,</span> <span class='ocrx_word' id='word_1_105' title='bbox 1359 552 1434 578; x_wconf 90' lang='lat' dir='ltr'>ohnc</span> <span class='ocrx_word' id='word_1_106' title='bbox 1447 551 1510 578; x_wconf 89' lang='lat' dir='ltr'>dass</span> 
     </span>
     <span class='ocr_line' id='line_1_11' title="bbox 215 586 1511 624; baseline 0.003 -12"><span class='ocrx_word' id='word_1_107' title='bbox 215 586 278 613; x_wconf 91' lang='lat' dir='ltr'>dies</span> <span class='ocrx_word' id='word_1_108' title='bbox 299 589 382 613; x_wconf 90' lang='lat' dir='ltr'>sonst</span> <span class='ocrx_word' id='word_1_109' title='bbox 401 587 568 614; x_wconf 84' lang='lat' dir='ltr'>ersichtlich</span> <span class='ocrx_word' id='word_1_110' title='bbox 588 589 672 621; x_wconf 66' lang='lat' dir='ltr'>wilre,</span> <span class='ocrx_word' id='word_1_111' title='bbox 694 589 733 614; x_wconf 91' lang='lat' dir='ltr'>ist</span> <span class='ocrx_word' id='word_1_112' title='bbox 753 588 801 614; x_wconf 90' lang='lat' dir='ltr'>ein</span> <span class='ocrx_word' id='word_1_113' title='bbox 814 587 1064 615; x_wconf 81' lang='lat' dir='ltr'>Gedankenstrich</span> <span class='ocrx_word' id='word_1_114' title='bbox 1084 589 1232 624; x_wconf 78' lang='lat' dir='ltr'>eingefiigt</span> <span class='ocrx_word' id='word_1_115' title='bbox 1248 589 1375 616; x_wconf 80' lang='lat' dir='ltr'>worden.</span> <span class='ocrx_word' id='word_1_116' title='bbox 1394 603 1396 607; x_wconf 88' lang='lat'>.</span> <span class='ocrx_word' id='word_1_117' title='bbox 1414 603 1432 606; x_wconf 97' lang='lat'><em>-</em></span> <span class='ocrx_word' id='word_1_118' title='bbox 1450 589 1511 616; x_wconf 90' lang='lat' dir='ltr'>Vor</span> 
     </span>
     <span class='ocr_line' id='line_1_12' title="bbox 216 622 1510 661; baseline 0.002 -11"><span class='ocrx_word' id='word_1_119' title='bbox 216 623 273 650; x_wconf 85' lang='lat' dir='ltr'>Str.</span> <span class='ocrx_word' id='word_1_120' title='bbox 294 622 311 651; x_wconf 87' lang='lat'>9</span> <span class='ocrx_word' id='word_1_121' title='bbox 336 624 409 651; x_wconf 86' lang='lat' dir='ltr'>Pars</span> <span class='ocrx_word' id='word_1_122' title='bbox 433 625 587 660; x_wconf 76' lang='lat' dir='ltr'>baptistae.</span> <span class='ocrx_word' id='word_1_123' title='bbox 613 641 651 644; x_wconf 97' lang='lat'><strong>—</strong></span> <span class='ocrx_word' id='word_1_124' title='bbox 675 625 736 651; x_wconf 87' lang='lat' dir='ltr'>Vor</span> <span class='ocrx_word' id='word_1_125' title='bbox 760 623 787 658; x_wconf 93' lang='lat'>9,</span> <span class='ocrx_word' id='word_1_126' title='bbox 808 623 828 652; x_wconf 89' lang='lat'>4</span> <span class='ocrx_word' id='word_1_127' title='bbox 850 625 922 652; x_wconf 86' lang='lat' dir='ltr'>Pars</span> <span class='ocrx_word' id='word_1_128' title='bbox 950 625 1154 661; x_wconf 81' lang='lat' dir='ltr'>evangelistae.</span> <span class='ocrx_word' id='word_1_129' title='bbox 1181 641 1218 645; x_wconf 93' lang='lat'><em>-</em></span> <span class='ocrx_word' id='word_1_130' title='bbox 1244 627 1304 654; x_wconf 89' lang='lat' dir='ltr'>Vor</span> <span class='ocrx_word' id='word_1_131' title='bbox 1329 625 1372 661; x_wconf 85' lang='lat'>10,</span> <span class='ocrx_word' id='word_1_132' title='bbox 1393 624 1412 653; x_wconf 80' lang='lat'>4</span> <span class='ocrx_word' id='word_1_133' title='bbox 1437 627 1510 653; x_wconf 84' lang='lat' dir='ltr'>Pars</span> 
     </span>
     <span class='ocr_line' id='line_1_13' title="bbox 215 660 1512 699; baseline 0.002 -11"><span class='ocrx_word' id='word_1_134' title='bbox 215 661 369 697; x_wconf 78' lang='lat' dir='ltr'>baptistae.</span> <span class='ocrx_word' id='word_1_135' title='bbox 390 677 428 681; x_wconf 88' lang='lat'><strong>—</strong></span> <span class='ocrx_word' id='word_1_136' title='bbox 446 662 508 689; x_wconf 88' lang='lat' dir='ltr'>Vor</span> <span class='ocrx_word' id='word_1_137' title='bbox 529 660 564 689; x_wconf 83' lang='lat'>16</span> <span class='ocrx_word' id='word_1_138' title='bbox 584 662 656 689; x_wconf 80' lang='lat' dir='ltr'>Pars</span> <span class='ocrx_word' id='word_1_139' title='bbox 677 662 883 698; x_wconf 83' lang='lat' dir='ltr'>evangelistae.</span> <span class='ocrx_word' id='word_1_140' title='bbox 902 678 940 682; x_wconf 88' lang='lat'>—-</span> <span class='ocrx_word' id='word_1_141' title='bbox 959 663 1021 689; x_wconf 86' lang='lat' dir='ltr'>Vor</span> <span class='ocrx_word' id='word_1_142' title='bbox 1042 661 1076 689; x_wconf 88' lang='lat'>19</span> <span class='ocrx_word' id='word_1_143' title='bbox 1099 664 1158 690; x_wconf 90' lang='lat' dir='ltr'>Hic</span> <span class='ocrx_word' id='word_1_144' title='bbox 1177 672 1244 699; x_wconf 89' lang='lat' dir='ltr'>pars</span> <span class='ocrx_word' id='word_1_145' title='bbox 1263 665 1409 699; x_wconf 76' lang='lat' dir='ltr'>baptistae</span> <span class='ocrx_word' id='word_1_146' title='bbox 1429 664 1512 691; x_wconf 77' lang='lat' dir='ltr'>offeit</span> 
     </span>
     <span class='ocr_line' id='line_1_14' title="bbox 214 697 1511 737; baseline 0.002 -12"><span class='ocrx_word' id='word_1_147' title='bbox 214 699 348 725; x_wconf 87' lang='lat' dir='ltr'>libellum</span> <span class='ocrx_word' id='word_1_148' title='bbox 370 708 462 726; x_wconf 75' lang='lat' dir='ltr'>suuni.</span> <span class='ocrx_word' id='word_1_149' title='bbox 485 713 522 717; x_wconf 89' lang='lat'>—</span> <span class='ocrx_word' id='word_1_150' title='bbox 546 699 606 726; x_wconf 90' lang='lat' dir='ltr'>Vor</span> <span class='ocrx_word' id='word_1_151' title='bbox 625 697 661 726; x_wconf 82' lang='lat'>20</span> <span class='ocrx_word' id='word_1_152' title='bbox 688 700 785 726; x_wconf 84' lang='lat' dir='ltr'>Tenor</span> <span class='ocrx_word' id='word_1_153' title='bbox 810 699 906 726; x_wconf 85' lang='lat' dir='ltr'>libelli</span> <span class='ocrx_word' id='word_1_154' title='bbox 932 702 963 726; x_wconf 85' lang='lat' dir='ltr'>et</span> <span class='ocrx_word' id='word_1_155' title='bbox 987 700 1062 733; x_wconf 88' lang='lat' dir='ltr'>quod</span> <span class='ocrx_word' id='word_1_156' title='bbox 1082 700 1227 728; x_wconf 86' lang='lat' dir='ltr'>Iohannes</span> <span class='ocrx_word' id='word_1_157' title='bbox 1246 703 1376 737; x_wconf 79' lang='lat' dir='ltr'>baptista</span> <span class='ocrx_word' id='word_1_158' title='bbox 1395 703 1436 728; x_wconf 87' lang='lat' dir='ltr'>sit</span> <span class='ocrx_word' id='word_1_159' title='bbox 1453 710 1511 728; x_wconf 82' lang='lat' dir='ltr'>vox</span> 
     </span>
     <span class='ocr_line' id='line_1_15' title="bbox 216 734 1512 774; baseline 0.002 -11"><span class='ocrx_word' id='word_1_160' title='bbox 216 736 370 763; x_wconf 88' lang='lat' dir='ltr'>clamantis</span> <span class='ocrx_word' id='word_1_161' title='bbox 390 737 423 763; x_wconf 90' lang='lat' dir='ltr'>in</span> <span class='ocrx_word' id='word_1_162' title='bbox 442 736 564 763; x_wconf 82' lang='lat' dir='ltr'>deserto.</span> <span class='ocrx_word' id='word_1_163' title='bbox 585 752 622 756; x_wconf 92' lang='lat'>—-</span> <span class='ocrx_word' id='word_1_164' title='bbox 646 737 708 764; x_wconf 88' lang='lat' dir='ltr'>Vor</span> <span class='ocrx_word' id='word_1_165' title='bbox 727 734 762 763; x_wconf 90' lang='lat'>21</span> <span class='ocrx_word' id='word_1_166' title='bbox 790 736 921 763; x_wconf 82' lang='lat' dir='ltr'>Ulterius</span> <span class='ocrx_word' id='word_1_167' title='bbox 945 739 1081 763; x_wconf 86' lang='lat' dir='ltr'>notentur</span> <span class='ocrx_word' id='word_1_168' title='bbox 1099 740 1221 765; x_wconf 82' lang='lat' dir='ltr'>virtutes</span> <span class='ocrx_word' id='word_1_169' title='bbox 1242 741 1272 766; x_wconf 89' lang='lat' dir='ltr'>et</span> <span class='ocrx_word' id='word_1_170' title='bbox 1289 740 1512 774; x_wconf 86' lang='lat' dir='ltr'>praerogativae</span> 
     </span>
     <span class='ocr_line' id='line_1_16' title="bbox 214 772 1509 810; baseline 0.002 -9"><span class='ocrx_word' id='word_1_171' title='bbox 214 774 355 802; x_wconf 79' lang='lat' dir='ltr'>Iohannis</span> <span class='ocrx_word' id='word_1_172' title='bbox 382 774 534 809; x_wconf 84' lang='lat' dir='ltr'>baptistae.</span> <span class='ocrx_word' id='word_1_173' title='bbox 561 788 599 792; x_wconf 92' lang='lat'>—</span> <span class='ocrx_word' id='word_1_174' title='bbox 625 774 685 801; x_wconf 92' lang='lat' dir='ltr'>Vor</span> <span class='ocrx_word' id='word_1_175' title='bbox 705 772 740 801; x_wconf 90' lang='grc'><strong>26</strong></span> <span class='ocrx_word' id='word_1_176' title='bbox 767 774 850 807; x_wconf 85' lang='grc'><strong>911011</strong></span> <span class='ocrx_word' id='word_1_177' title='bbox 874 774 1018 801; x_wconf 84' lang='lat' dir='ltr'>Iohannes</span> <span class='ocrx_word' id='word_1_178' title='bbox 1039 775 1169 810; x_wconf 85' lang='lat' dir='ltr'>baptista</span> <span class='ocrx_word' id='word_1_179' title='bbox 1188 776 1345 803; x_wconf 83' lang='lat' dir='ltr'>exsultavit</span> <span class='ocrx_word' id='word_1_180' title='bbox 1371 777 1403 802; x_wconf 92' lang='lat' dir='ltr'>in</span> <span class='ocrx_word' id='word_1_181' title='bbox 1428 779 1509 803; x_wconf 86' lang='lat' dir='ltr'>utero</span> 
     </span>
     <span class='ocr_line' id='line_1_17' title="bbox 214 809 1512 849; baseline 0.002 -11"><span class='ocrx_word' id='word_1_182' title='bbox 214 812 326 838; x_wconf 87' lang='lat' dir='ltr'>matris.</span> <span class='ocrx_word' id='word_1_183' title='bbox 354 826 392 830; x_wconf 88' lang='lat'><em>-</em></span> <span class='ocrx_word' id='word_1_184' title='bbox 416 812 478 839; x_wconf 88' lang='lat' dir='ltr'>Vor</span> <span class='ocrx_word' id='word_1_185' title='bbox 497 809 534 838; x_wconf 85' lang='lat'>29</span> <span class='ocrx_word' id='word_1_186' title='bbox 562 812 646 845; x_wconf 79' lang='grc' dir='ltr'><strong>911οᾱ</strong></span> <span class='ocrx_word' id='word_1_187' title='bbox 672 820 777 839; x_wconf 86' lang='lat' dir='ltr'>nomen</span> <span class='ocrx_word' id='word_1_188' title='bbox 801 812 948 847; x_wconf 81' lang='lat' dir='ltr'>baptistae</span> <span class='ocrx_word' id='word_1_189' title='bbox 971 814 1189 847; x_wconf 87' lang='lat' dir='ltr'>pronuntiatum</span> <span class='ocrx_word' id='word_1_190' title='bbox 1216 816 1260 840; x_wconf 89' lang='lat' dir='ltr'>est</span> <span class='ocrx_word' id='word_1_191' title='bbox 1283 814 1320 841; x_wconf 89' lang='lat' dir='ltr'>ab</span> <span class='ocrx_word' id='word_1_192' title='bbox 1340 813 1453 849; x_wconf 85' lang='lat' dir='ltr'>angelo.</span> <span class='ocrx_word' id='word_1_193' title='bbox 1472 827 1512 832; x_wconf 97' lang='lat'>—</span> 
     </span>
     <span class='ocr_line' id='line_1_18' title="bbox 215 846 1511 886; baseline 0.001 -10"><span class='ocrx_word' id='word_1_194' title='bbox 215 849 277 876; x_wconf 86' lang='lat' dir='ltr'>Vor</span> <span class='ocrx_word' id='word_1_195' title='bbox 291 846 327 876; x_wconf 85' lang='lat'>30</span> <span class='ocrx_word' id='word_1_196' title='bbox 349 849 432 882; x_wconf 79' lang='lat' dir='ltr'>Quod</span> <span class='ocrx_word' id='word_1_197' title='bbox 446 851 529 884; x_wconf 81' lang='lat' dir='ltr'>pater</span> <span class='ocrx_word' id='word_1_198' title='bbox 544 850 691 884; x_wconf 83' lang='lat' dir='ltr'>baptistae</span> <span class='ocrx_word' id='word_1_199' title='bbox 703 850 760 876; x_wconf 83' lang='lat' dir='ltr'>fuit</span> <span class='ocrx_word' id='word_1_200' title='bbox 773 849 923 885; x_wconf 85' lang='lat' dir='ltr'>propheta.</span> <span class='ocrx_word' id='word_1_201' title='bbox 937 863 974 867; x_wconf 90' lang='lat'>—</span> <span class='ocrx_word' id='word_1_202' title='bbox 994 850 1054 876; x_wconf 91' lang='lat' dir='ltr'>Vor</span> <span class='ocrx_word' id='word_1_203' title='bbox 1067 847 1103 877; x_wconf 84' lang='lat'>31</span> <span class='ocrx_word' id='word_1_204' title='bbox 1126 851 1208 884; x_wconf 84' lang='lat' dir='ltr'>Quod</span> <span class='ocrx_word' id='word_1_205' title='bbox 1222 851 1343 886; x_wconf 85' lang='lat' dir='ltr'>angelus</span> <span class='ocrx_word' id='word_1_206' title='bbox 1356 851 1511 885; x_wconf 84' lang='lat' dir='ltr'>praedixit,</span> 
     </span>
     <span class='ocr_line' id='line_1_19' title="bbox 214 884 1510 924; baseline 0.002 -11"><span class='ocrx_word' id='word_1_207' title='bbox 214 887 322 914; x_wconf 85' lang='lat' dir='ltr'>multos</span> <span class='ocrx_word' id='word_1_208' title='bbox 341 888 495 923; x_wconf 83' lang='lat' dir='ltr'>gavisuros</span> <span class='ocrx_word' id='word_1_209' title='bbox 511 888 543 914; x_wconf 92' lang='lat' dir='ltr'>in</span> <span class='ocrx_word' id='word_1_210' title='bbox 562 888 718 914; x_wconf 81' lang='lat' dir='ltr'>nativitate</span> <span class='ocrx_word' id='word_1_211' title='bbox 738 887 780 914; x_wconf 90' lang='lat' dir='ltr'>Io.</span> <span class='ocrx_word' id='word_1_212' title='bbox 796 888 874 922; x_wconf 85' lang='lat' dir='ltr'>bapt.</span> <span class='ocrx_word' id='word_1_213' title='bbox 890 901 927 905; x_wconf 89' lang='lat'>—</span> <span class='ocrx_word' id='word_1_214' title='bbox 946 887 1007 914; x_wconf 90' lang='lat' dir='ltr'>Vor</span> <span class='ocrx_word' id='word_1_215' title='bbox 1020 884 1057 914; x_wconf 85' lang='lat'>32</span> <span class='ocrx_word' id='word_1_216' title='bbox 1071 888 1155 920; x_wconf 80' lang='lat' dir='ltr'>Quod</span> <span class='ocrx_word' id='word_1_217' title='bbox 1167 897 1273 915; x_wconf 89' lang='lat' dir='ltr'>nomen</span> <span class='ocrx_word' id='word_1_218' title='bbox 1285 889 1432 924; x_wconf 74' lang='lat' dir='ltr'>baptistae</span> <span class='ocrx_word' id='word_1_219' title='bbox 1445 897 1510 924; x_wconf 88' lang='lat' dir='ltr'>pro-</span> 
     </span>
     <span class='ocr_line' id='line_1_20' title="bbox 215 921 1509 961; baseline 0.002 -10"><span class='ocrx_word' id='word_1_220' title='bbox 215 925 382 951; x_wconf 85' lang='lat' dir='ltr'>nuntiatum</span> <span class='ocrx_word' id='word_1_221' title='bbox 397 927 442 951; x_wconf 87' lang='lat' dir='ltr'>est</span> <span class='ocrx_word' id='word_1_222' title='bbox 460 925 497 952; x_wconf 88' lang='lat' dir='ltr'>ab</span> <span class='ocrx_word' id='word_1_223' title='bbox 517 924 621 960; x_wconf 82' lang='lat' dir='ltr'>angelo</span> <span class='ocrx_word' id='word_1_224' title='bbox 642 921 718 960; x_wconf 83' lang='lat' dir='ltr'>[sic].</span> <span class='ocrx_word' id='word_1_225' title='bbox 770 940 773 944; x_wconf 92' lang='lat'>·</span> <span class='ocrx_word' id='word_1_226' title='bbox 793 925 856 951; x_wconf 84' lang='lat' dir='ltr'>Vor</span> <span class='ocrx_word' id='word_1_227' title='bbox 868 922 905 952; x_wconf 89' lang='lat'>35</span> <span class='ocrx_word' id='word_1_228' title='bbox 926 924 1010 958; x_wconf 81' lang='lat' dir='ltr'>Quod</span> <span class='ocrx_word' id='word_1_229' title='bbox 1022 925 1152 960; x_wconf 75' lang='lat' dir='ltr'>baptista</span> <span class='ocrx_word' id='word_1_230' title='bbox 1164 927 1255 961; x_wconf 85' lang='lat' dir='ltr'>egerit</span> <span class='ocrx_word' id='word_1_231' title='bbox 1273 928 1305 953; x_wconf 87' lang='lat' dir='ltr'>in</span> <span class='ocrx_word' id='word_1_232' title='bbox 1324 926 1417 953; x_wconf 88' lang='lat' dir='ltr'>XXX.</span> <span class='ocrx_word' id='word_1_233' title='bbox 1434 934 1509 953; x_wconf 86' lang='lat' dir='ltr'>anno</span> 
     </span>
     <span class='ocr_line' id='line_1_21' title="bbox 216 959 1509 999; baseline 0.001 -10"><span class='ocrx_word' id='word_1_234' title='bbox 216 963 322 989; x_wconf 87' lang='lat' dir='ltr'>aetatis</span> <span class='ocrx_word' id='word_1_235' title='bbox 336 970 407 989; x_wconf 88' lang='lat' dir='ltr'>suae</span> <span class='ocrx_word' id='word_1_236' title='bbox 426 964 456 989; x_wconf 93' lang='lat' dir='ltr'>et</span> <span class='ocrx_word' id='word_1_237' title='bbox 474 963 567 997; x_wconf 86' lang='lat' dir='ltr'>primo</span> <span class='ocrx_word' id='word_1_238' title='bbox 588 962 624 989; x_wconf 85' lang='lat' dir='ltr'>de</span> <span class='ocrx_word' id='word_1_239' title='bbox 644 962 797 997; x_wconf 84' lang='lat' dir='ltr'>baptismo.</span> <span class='ocrx_word' id='word_1_240' title='bbox 818 976 855 980; x_wconf 98' lang='lat'><strong>—</strong></span> <span class='ocrx_word' id='word_1_241' title='bbox 873 962 935 990; x_wconf 87' lang='lat' dir='ltr'>Vor</span> <span class='ocrx_word' id='word_1_242' title='bbox 949 959 986 989; x_wconf 86' lang='lat'>38</span> <span class='ocrx_word' id='word_1_243' title='bbox 1005 962 1089 996; x_wconf 73' lang='lat' dir='ltr'>Quod</span> <span class='ocrx_word' id='word_1_244' title='bbox 1108 963 1236 999; x_wconf 84' lang='lat' dir='ltr'>baptista</span> <span class='ocrx_word' id='word_1_245' title='bbox 1250 963 1404 997; x_wconf 87' lang='lat' dir='ltr'>Christum,</span> <span class='ocrx_word' id='word_1_246' title='bbox 1426 971 1509 998; x_wconf 86' lang='lat' dir='ltr'>quem</span> 
     </span>
     <span class='ocr_line' id='line_1_22' title="bbox 215 999 1509 1037; baseline 0.002 -11"><span class='ocrx_word' id='word_1_247' title='bbox 215 999 376 1035; x_wconf 83' lang='lat' dir='ltr'>prophetae</span> <span class='ocrx_word' id='word_1_248' title='bbox 388 1000 602 1035; x_wconf 82' lang='lat' dir='ltr'>praedixerunt,</span> <span class='ocrx_word' id='word_1_249' title='bbox 618 999 709 1034; x_wconf 86' lang='lat' dir='ltr'>digito</span> <span class='ocrx_word' id='word_1_250' title='bbox 724 999 933 1026; x_wconf 86' lang='lat' dir='ltr'>demonstravit</span> <span class='ocrx_word' id='word_1_251' title='bbox 945 999 1058 1027; x_wconf 90' lang='lat' dir='ltr'>dicens:</span> <span class='ocrx_word' id='word_1_252' title='bbox 1073 999 1159 1033; x_wconf 86' lang='lat' dir='ltr'>Ecce,</span> <span class='ocrx_word' id='word_1_253' title='bbox 1174 1009 1265 1037; x_wconf 85' lang='lat' dir='ltr'>agnus</span> <span class='ocrx_word' id='word_1_254' title='bbox 1276 1001 1341 1028; x_wconf 90' lang='lat' dir='ltr'>Dei.</span> <span class='ocrx_word' id='word_1_255' title='bbox 1350 1015 1389 1019; x_wconf 97' lang='lat'><strong>—</strong></span> <span class='ocrx_word' id='word_1_256' title='bbox 1401 1001 1462 1028; x_wconf 90' lang='lat' dir='ltr'>Vor</span> <span class='ocrx_word' id='word_1_257' title='bbox 1473 999 1509 1028; x_wconf 74' lang='lat'>39</span> 
     </span>
     <span class='ocr_line' id='line_1_23' title="bbox 217 1035 1510 1073; baseline 0.002 -10"><span class='ocrx_word' id='word_1_258' title='bbox 217 1037 302 1070; x_wconf 78' lang='grc'><strong>911011</strong></span> <span class='ocrx_word' id='word_1_259' title='bbox 320 1037 452 1072; x_wconf 84' lang='lat' dir='ltr'>baptista</span> <span class='ocrx_word' id='word_1_260' title='bbox 466 1037 612 1065; x_wconf 80' lang='lat' dir='ltr'>Christum</span> <span class='ocrx_word' id='word_1_261' title='bbox 631 1037 771 1073; x_wconf 78' lang='lat' dir='ltr'>baptizat.</span> <span class='ocrx_word' id='word_1_262' title='bbox 793 1053 827 1057; x_wconf 97' lang='lat'>—</span> <span class='ocrx_word' id='word_1_263' title='bbox 848 1037 910 1064; x_wconf 89' lang='lat' dir='ltr'>Vor</span> <span class='ocrx_word' id='word_1_264' title='bbox 928 1035 965 1064; x_wconf 91' lang='lat'>40</span> <span class='ocrx_word' id='word_1_265' title='bbox 987 1037 1070 1070; x_wconf 79' lang='lat' dir='ltr'>Quod</span> <span class='ocrx_word' id='word_1_266' title='bbox 1088 1037 1217 1073; x_wconf 80' lang='lat' dir='ltr'>baptista</span> <span class='ocrx_word' id='word_1_267' title='bbox 1237 1039 1277 1065; x_wconf 87' lang='lat' dir='ltr'>sit</span> <span class='ocrx_word' id='word_1_268' title='bbox 1293 1039 1384 1065; x_wconf 85' lang='lat' dir='ltr'>mirae</span> <span class='ocrx_word' id='word_1_269' title='bbox 1404 1039 1510 1065; x_wconf 84' lang='lat' dir='ltr'>sancti-</span> 
     </span>
     <span class='ocr_line' id='line_1_24' title="bbox 215 1073 1510 1110; baseline 0.001 -9"><span class='ocrx_word' id='word_1_270' title='bbox 215 1075 295 1101; x_wconf 87' lang='lat' dir='ltr'>tatis.</span> <span class='ocrx_word' id='word_1_271' title='bbox 314 1088 353 1092; x_wconf 90' lang='lat'>—</span> <span class='ocrx_word' id='word_1_272' title='bbox 374 1075 434 1102; x_wconf 91' lang='lat' dir='ltr'>Vor</span> <span class='ocrx_word' id='word_1_273' title='bbox 453 1073 490 1102; x_wconf 87' lang='lat'>47</span> <span class='ocrx_word' id='word_1_274' title='bbox 511 1074 595 1108; x_wconf 79' lang='lat' dir='ltr'>Quod</span> <span class='ocrx_word' id='word_1_275' title='bbox 614 1075 656 1101; x_wconf 91' lang='lat' dir='ltr'>Io.</span> <span class='ocrx_word' id='word_1_276' title='bbox 677 1075 756 1110; x_wconf 87' lang='lat' dir='ltr'>bapt.</span> <span class='ocrx_word' id='word_1_277' title='bbox 776 1074 833 1101; x_wconf 85' lang='lat' dir='ltr'>fuit</span> <span class='ocrx_word' id='word_1_278' title='bbox 850 1075 983 1101; x_wconf 85' lang='lat' dir='ltr'>initiator</span> <span class='ocrx_word' id='word_1_279' title='bbox 1003 1075 1196 1109; x_wconf 88' lang='lat' dir='ltr'>baptismatis.</span> <span class='ocrx_word' id='word_1_280' title='bbox 1218 1091 1253 1095; x_wconf 89' lang='lat'><strong>—</strong></span> <span class='ocrx_word' id='word_1_281' title='bbox 1280 1076 1340 1103; x_wconf 91' lang='lat' dir='ltr'>Vor</span> <span class='ocrx_word' id='word_1_282' title='bbox 1361 1073 1400 1102; x_wconf 91' lang='lat'>48</span> <span class='ocrx_word' id='word_1_283' title='bbox 1427 1075 1510 1108; x_wconf 77' lang='lat' dir='ltr'>Quod</span> 
     </span>
     <span class='ocr_line' id='line_1_25' title="bbox 214 1110 1509 1148; baseline -0.001 -9"><span class='ocrx_word' id='word_1_284' title='bbox 214 1111 277 1139; x_wconf 88' lang='lat' dir='ltr'>Ioh.</span> <span class='ocrx_word' id='word_1_285' title='bbox 297 1112 376 1148; x_wconf 85' lang='lat' dir='ltr'>bapt.</span> <span class='ocrx_word' id='word_1_286' title='bbox 397 1112 454 1139; x_wconf 81' lang='lat' dir='ltr'>fuit</span> <span class='ocrx_word' id='word_1_287' title='bbox 471 1112 592 1148; x_wconf 90' lang='lat' dir='ltr'>pilosus.</span> <span class='ocrx_word' id='word_1_288' title='bbox 606 1127 645 1132; x_wconf 83' lang='lat'><strong>—</strong></span> <span class='ocrx_word' id='word_1_289' title='bbox 660 1112 721 1140; x_wconf 85' lang='lat' dir='ltr'>Vor</span> <span class='ocrx_word' id='word_1_290' title='bbox 735 1110 771 1139; x_wconf 90' lang='grc'>50</span> <span class='ocrx_word' id='word_1_291' title='bbox 792 1112 838 1139; x_wconf 89' lang='lat' dir='ltr'>De</span> <span class='ocrx_word' id='word_1_292' title='bbox 857 1114 949 1139; x_wconf 86' lang='lat' dir='ltr'>morte</span> <span class='ocrx_word' id='word_1_293' title='bbox 968 1112 1010 1139; x_wconf 90' lang='lat' dir='ltr'>Io.</span> <span class='ocrx_word' id='word_1_294' title='bbox 1031 1112 1110 1147; x_wconf 88' lang='lat' dir='ltr'>bapt.</span> <span class='ocrx_word' id='word_1_295' title='bbox 1132 1127 1169 1131; x_wconf 97' lang='lat'><strong>—</strong></span> <span class='ocrx_word' id='word_1_296' title='bbox 1188 1113 1249 1140; x_wconf 91' lang='lat' dir='ltr'>Vor</span> <span class='ocrx_word' id='word_1_297' title='bbox 1269 1111 1306 1140; x_wconf 88' lang='lat'>54</span> <span class='ocrx_word' id='word_1_298' title='bbox 1327 1112 1411 1146; x_wconf 79' lang='lat' dir='ltr'>Quod</span> <span class='ocrx_word' id='word_1_299' title='bbox 1433 1113 1509 1148; x_wconf 88' lang='lat' dir='ltr'>bapt.</span> 
     </span>
     <span class='ocr_line' id='line_1_26' title="bbox 215 1149 1509 1186; baseline 0 -9"><span class='ocrx_word' id='word_1_300' title='bbox 215 1150 331 1177; x_wconf 87' lang='lat' dir='ltr'>ratione</span> <span class='ocrx_word' id='word_1_301' title='bbox 360 1151 585 1185; x_wconf 87' lang='lat' dir='ltr'>praemissorum</span> <span class='ocrx_word' id='word_1_302' title='bbox 609 1151 713 1177; x_wconf 86' lang='lat' dir='ltr'>merito</span> <span class='ocrx_word' id='word_1_303' title='bbox 740 1149 944 1185; x_wconf 82' lang='lat' dir='ltr'>praeferendus</span> <span class='ocrx_word' id='word_1_304' title='bbox 971 1151 1010 1176; x_wconf 89' lang='lat' dir='ltr'>sit</span> <span class='ocrx_word' id='word_1_305' title='bbox 1033 1149 1160 1177; x_wconf 88' lang='lat' dir='ltr'>Iohanni</span> <span class='ocrx_word' id='word_1_306' title='bbox 1186 1158 1287 1186; x_wconf 85' lang='lat' dir='ltr'>evang.</span> <span class='ocrx_word' id='word_1_307' title='bbox 1314 1165 1351 1168; x_wconf 97' lang='lat'><strong>—</strong></span> <span class='ocrx_word' id='word_1_308' title='bbox 1387 1151 1447 1177; x_wconf 90' lang='lat' dir='ltr'>Vor</span> <span class='ocrx_word' id='word_1_309' title='bbox 1473 1149 1509 1177; x_wconf 87' lang='lat'>55</span> 
     </span>
     <span class='ocr_line' id='line_1_27' title="bbox 215 1186 1510 1224; baseline 0.001 -10"><span class='ocrx_word' id='word_1_310' title='bbox 215 1187 324 1214; x_wconf 78' lang='lat' dir='ltr'>Potitio</span> <span class='ocrx_word' id='word_1_311' title='bbox 345 1188 437 1223; x_wconf 80' lang='lat' dir='ltr'>partis</span> <span class='ocrx_word' id='word_1_312' title='bbox 457 1188 537 1223; x_wconf 89' lang='lat' dir='ltr'>bapt.</span> <span class='ocrx_word' id='word_1_313' title='bbox 558 1196 645 1223; x_wconf 88' lang='lat' dir='ltr'>super</span> <span class='ocrx_word' id='word_1_314' title='bbox 664 1189 790 1215; x_wconf 87' lang='lat' dir='ltr'>narratis</span> <span class='ocrx_word' id='word_1_315' title='bbox 807 1188 839 1214; x_wconf 91' lang='lat' dir='ltr'>in</span> <span class='ocrx_word' id='word_1_316' title='bbox 858 1187 959 1215; x_wconf 90' lang='lat' dir='ltr'>libello</span> <span class='ocrx_word' id='word_1_317' title='bbox 981 1189 1011 1214; x_wconf 92' lang='lat' dir='ltr'>et</span> <span class='ocrx_word' id='word_1_318' title='bbox 1029 1187 1106 1220; x_wconf 81' lang='lat' dir='ltr'>quod</span> <span class='ocrx_word' id='word_1_319' title='bbox 1124 1189 1191 1224; x_wconf 86' lang='lat' dir='ltr'>ipsa</span> <span class='ocrx_word' id='word_1_320' title='bbox 1210 1196 1277 1223; x_wconf 89' lang='lat' dir='ltr'>pars</span> <span class='ocrx_word' id='word_1_321' title='bbox 1297 1186 1381 1215; x_wconf 85' lang='lat' dir='ltr'>offert</span> <span class='ocrx_word' id='word_1_322' title='bbox 1400 1196 1432 1215; x_wconf 91' lang='lat' dir='ltr'>se</span> <span class='ocrx_word' id='word_1_323' title='bbox 1445 1196 1510 1223; x_wconf 88' lang='lat' dir='ltr'>pro-</span> 
     </span>
     <span class='ocr_line' id='line_1_28' title="bbox 216 1223 1512 1261; baseline -0.001 -9"><span class='ocrx_word' id='word_1_324' title='bbox 216 1225 353 1252; x_wconf 88' lang='lat' dir='ltr'>baturam</span> <span class='ocrx_word' id='word_1_325' title='bbox 374 1234 416 1259; x_wconf 85' lang='lat' dir='ltr'>ea,</span> <span class='ocrx_word' id='word_1_326' title='bbox 439 1233 514 1260; x_wconf 91' lang='lat' dir='ltr'>quae</span> <span class='ocrx_word' id='word_1_327' title='bbox 534 1227 602 1252; x_wconf 90' lang='lat' dir='ltr'>sunt</span> <span class='ocrx_word' id='word_1_328' title='bbox 616 1228 736 1252; x_wconf 86' lang='lat' dir='ltr'>narrata</span> <span class='ocrx_word' id='word_1_329' title='bbox 754 1226 786 1252; x_wconf 91' lang='lat' dir='ltr'>in</span> <span class='ocrx_word' id='word_1_330' title='bbox 805 1225 914 1252; x_wconf 86' lang='lat' dir='ltr'>libello.</span> <span class='ocrx_word' id='word_1_331' title='bbox 935 1239 971 1243; x_wconf 90' lang='lat'><strong>—</strong></span> <span class='ocrx_word' id='word_1_332' title='bbox 984 1225 1045 1251; x_wconf 85' lang='lat' dir='ltr'>Vor</span> <span class='ocrx_word' id='word_1_333' title='bbox 1065 1223 1100 1252; x_wconf 81' lang='lat'>57</span> <span class='ocrx_word' id='word_1_334' title='bbox 1124 1226 1196 1253; x_wconf 90' lang='lat' dir='ltr'>Pars</span> <span class='ocrx_word' id='word_1_335' title='bbox 1218 1226 1415 1261; x_wconf 81' lang='lat' dir='ltr'>evangelistae</span> <span class='ocrx_word' id='word_1_336' title='bbox 1428 1225 1512 1253; x_wconf 80' lang='lat' dir='ltr'>offert</span> 
     </span>
     <span class='ocr_line' id='line_1_29' title="bbox 214 1260 1509 1298; baseline 0.001 -9"><span class='ocrx_word' id='word_1_337' title='bbox 214 1262 356 1290; x_wconf 91' lang='lat' dir='ltr'>libellum.</span> <span class='ocrx_word' id='word_1_338' title='bbox 383 1277 421 1281; x_wconf 90' lang='lat'>—</span> <span class='ocrx_word' id='word_1_339' title='bbox 447 1264 507 1290; x_wconf 92' lang='lat' dir='ltr'>Vor</span> <span class='ocrx_word' id='word_1_340' title='bbox 533 1260 570 1290; x_wconf 85' lang='lat'>58</span> <span class='ocrx_word' id='word_1_341' title='bbox 603 1264 700 1291; x_wconf 87' lang='lat' dir='ltr'>Tenor</span> <span class='ocrx_word' id='word_1_342' title='bbox 727 1263 831 1291; x_wconf 86' lang='lat' dir='ltr'>libelli.</span> <span class='ocrx_word' id='word_1_343' title='bbox 857 1276 894 1280; x_wconf 90' lang='lat'>—</span> <span class='ocrx_word' id='word_1_344' title='bbox 914 1263 975 1289; x_wconf 89' lang='lat' dir='ltr'>Vor</span> <span class='ocrx_word' id='word_1_345' title='bbox 999 1260 1036 1289; x_wconf 86' lang='lat'>62</span> <span class='ocrx_word' id='word_1_346' title='bbox 1067 1263 1150 1296; x_wconf 80' lang='grc'><strong>911011</strong></span> <span class='ocrx_word' id='word_1_347' title='bbox 1172 1263 1302 1290; x_wconf 88' lang='lat' dir='ltr'>Christus</span> <span class='ocrx_word' id='word_1_348' title='bbox 1328 1264 1446 1298; x_wconf 79' lang='lat' dir='ltr'>nuptias</span> <span class='ocrx_word' id='word_1_349' title='bbox 1466 1263 1509 1290; x_wconf 93' lang='lat' dir='ltr'>Io.</span> 
     </span>
     <span class='ocr_line' id='line_1_30' title="bbox 215 1299 1509 1336; baseline -0.001 -9"><span class='ocrx_word' id='word_1_350' title='bbox 215 1300 331 1336; x_wconf 79' lang='lat' dir='ltr'>Evang.</span> <span class='ocrx_word' id='word_1_351' title='bbox 361 1300 519 1328; x_wconf 84' lang='lat' dir='ltr'>honoravit</span> <span class='ocrx_word' id='word_1_352' title='bbox 546 1301 631 1328; x_wconf 88' lang='lat' dir='ltr'>initio</span> <span class='ocrx_word' id='word_1_353' title='bbox 662 1302 811 1336; x_wconf 78' lang='lat' dir='ltr'>signorum</span> <span class='ocrx_word' id='word_1_354' title='bbox 840 1308 966 1327; x_wconf 84' lang='lat' dir='ltr'>suorum.</span> <span class='ocrx_word' id='word_1_355' title='bbox 998 1314 1032 1318; x_wconf 97' lang='lat'><strong>—</strong></span> <span class='ocrx_word' id='word_1_356' title='bbox 1062 1300 1123 1328; x_wconf 81' lang='lat' dir='ltr'>&#39;Vor</span> <span class='ocrx_word' id='word_1_357' title='bbox 1153 1299 1188 1328; x_wconf 90' lang='grc'>65</span> <span class='ocrx_word' id='word_1_358' title='bbox 1227 1301 1310 1334; x_wconf 81' lang='lat' dir='ltr'>Quod</span> <span class='ocrx_word' id='word_1_359' title='bbox 1336 1301 1379 1328; x_wconf 90' lang='lat' dir='ltr'>Io.</span> <span class='ocrx_word' id='word_1_360' title='bbox 1407 1308 1509 1336; x_wconf 81' lang='lat' dir='ltr'>evang.</span> 
     </span>
     <span class='ocr_line' id='line_1_31' title="bbox 215 1335 1509 1374; baseline 0 -9"><span class='ocrx_word' id='word_1_361' title='bbox 215 1338 466 1374; x_wconf 75' lang='lat' dir='ltr'>transfigurationi</span> <span class='ocrx_word' id='word_1_362' title='bbox 494 1338 615 1365; x_wconf 87' lang='lat' dir='ltr'>Domini</span> <span class='ocrx_word' id='word_1_363' title='bbox 648 1338 786 1365; x_wconf 81' lang='lat' dir='ltr'>interfuit.</span> <span class='ocrx_word' id='word_1_364' title='bbox 821 1352 853 1356; x_wconf 88' lang='lat'>-</span> <span class='ocrx_word' id='word_1_365' title='bbox 883 1338 944 1365; x_wconf 91' lang='lat' dir='ltr'>Vor</span> <span class='ocrx_word' id='word_1_366' title='bbox 974 1335 1009 1365; x_wconf 88' lang='grc'>66</span> <span class='ocrx_word' id='word_1_367' title='bbox 1051 1337 1134 1371; x_wconf 80' lang='lat' dir='ltr'>Quod</span> <span class='ocrx_word' id='word_1_368' title='bbox 1162 1339 1205 1366; x_wconf 95' lang='lat' dir='ltr'>Io.</span> <span class='ocrx_word' id='word_1_369' title='bbox 1236 1346 1337 1374; x_wconf 80' lang='lat' dir='ltr'>evang.</span> <span class='ocrx_word' id='word_1_370' title='bbox 1369 1338 1509 1372; x_wconf 81' lang='lat' dir='ltr'>interfuit,</span> 
     </span>
     <span class='ocr_line' id='line_1_32' title="bbox 218 1374 1510 1411; baseline 0 -9"><span class='ocrx_word' id='word_1_371' title='bbox 218 1376 333 1411; x_wconf 88' lang='lat' dir='ltr'>quando</span> <span class='ocrx_word' id='word_1_372' title='bbox 354 1376 497 1403; x_wconf 87' lang='lat' dir='ltr'>Dominus</span> <span class='ocrx_word' id='word_1_373' title='bbox 518 1375 610 1403; x_wconf 88' lang='lat' dir='ltr'>filiam</span> <span class='ocrx_word' id='word_1_374' title='bbox 630 1376 854 1411; x_wconf 78' lang='lat' dir='ltr'>archisynagogi</span> <span class='ocrx_word' id='word_1_375' title='bbox 874 1376 1036 1402; x_wconf 81' lang='lat' dir='ltr'>suscitavit.</span> <span class='ocrx_word' id='word_1_376' title='bbox 1056 1391 1093 1394; x_wconf 97' lang='lat'><strong>—</strong></span> <span class='ocrx_word' id='word_1_377' title='bbox 1109 1376 1169 1403; x_wconf 85' lang='lat' dir='ltr'>Vor</span> <span class='ocrx_word' id='word_1_378' title='bbox 1189 1374 1224 1403; x_wconf 84' lang='lat'>67</span> <span class='ocrx_word' id='word_1_379' title='bbox 1249 1376 1330 1409; x_wconf 79' lang='lat' dir='ltr'>Quod</span> <span class='ocrx_word' id='word_1_380' title='bbox 1343 1376 1386 1403; x_wconf 93' lang='lat' dir='ltr'>Io.</span> <span class='ocrx_word' id='word_1_381' title='bbox 1408 1383 1510 1411; x_wconf 85' lang='lat' dir='ltr'>evang.</span> 
     </span>
     <span class='ocr_line' id='line_1_33' title="bbox 217 1410 1510 1450; baseline 0.001 -11"><span class='ocrx_word' id='word_1_382' title='bbox 217 1414 250 1440; x_wconf 89' lang='lat' dir='ltr'>in</span> <span class='ocrx_word' id='word_1_383' title='bbox 277 1421 350 1440; x_wconf 86' lang='lat' dir='ltr'>cena</span> <span class='ocrx_word' id='word_1_384' title='bbox 375 1422 463 1450; x_wconf 84' lang='lat' dir='ltr'>supra</span> <span class='ocrx_word' id='word_1_385' title='bbox 488 1416 589 1449; x_wconf 88' lang='lat' dir='ltr'>pectus</span> <span class='ocrx_word' id='word_1_386' title='bbox 609 1414 730 1441; x_wconf 88' lang='lat' dir='ltr'>Domini</span> <span class='ocrx_word' id='word_1_387' title='bbox 757 1414 897 1440; x_wconf 90' lang='lat' dir='ltr'>recubuit.</span> <span class='ocrx_word' id='word_1_388' title='bbox 924 1428 960 1432; x_wconf 90' lang='lat'><strong>—</strong></span> <span class='ocrx_word' id='word_1_389' title='bbox 981 1413 1042 1440; x_wconf 91' lang='lat' dir='ltr'>Vor</span> <span class='ocrx_word' id='word_1_390' title='bbox 1067 1410 1103 1440; x_wconf 83' lang='lat'>73</span> <span class='ocrx_word' id='word_1_391' title='bbox 1132 1414 1215 1447; x_wconf 77' lang='grc'><strong>911011</strong></span> <span class='ocrx_word' id='word_1_392' title='bbox 1235 1413 1367 1440; x_wconf 85' lang='lat' dir='ltr'>Christus</span> <span class='ocrx_word' id='word_1_393' title='bbox 1388 1415 1510 1440; x_wconf 86' lang='lat' dir='ltr'>matrem</span> 
     </span>
     <span class='ocr_line' id='line_1_34' title="bbox 216 1448 1510 1487; baseline 0 -10"><span class='ocrx_word' id='word_1_394' title='bbox 216 1451 361 1487; x_wconf 85' lang='lat' dir='ltr'>virginem</span> <span class='ocrx_word' id='word_1_395' title='bbox 384 1451 597 1479; x_wconf 85' lang='lat' dir='ltr'>commendavit</span> <span class='ocrx_word' id='word_1_396' title='bbox 615 1451 740 1478; x_wconf 81' lang='lat' dir='ltr'>Iohanni</span> <span class='ocrx_word' id='word_1_397' title='bbox 759 1451 878 1487; x_wconf 83' lang='lat' dir='ltr'>virgini.</span> <span class='ocrx_word' id='word_1_398' title='bbox 898 1464 935 1468; x_wconf 92' lang='lat'>—-</span> <span class='ocrx_word' id='word_1_399' title='bbox 955 1450 1016 1477; x_wconf 91' lang='lat' dir='ltr'>Vor</span> <span class='ocrx_word' id='word_1_400' title='bbox 1036 1448 1071 1477; x_wconf 88' lang='lat'>75</span> <span class='ocrx_word' id='word_1_401' title='bbox 1102 1451 1186 1485; x_wconf 82' lang='grc'><strong>911011</strong></span> <span class='ocrx_word' id='word_1_402' title='bbox 1205 1459 1308 1487; x_wconf 83' lang='lat' dir='ltr'>evang.</span> <span class='ocrx_word' id='word_1_403' title='bbox 1328 1451 1411 1484; x_wconf 88' lang='lat' dir='ltr'>vidit,</span> <span class='ocrx_word' id='word_1_404' title='bbox 1433 1451 1510 1486; x_wconf 83' lang='lat' dir='ltr'>quod</span> 
     </span>
     <span class='ocr_line' id='line_1_35' title="bbox 217 1487 1510 1525; baseline -0.002 -9"><span class='ocrx_word' id='word_1_405' title='bbox 217 1488 295 1516; x_wconf 84' lang='lat' dir='ltr'>latus</span> <span class='ocrx_word' id='word_1_406' title='bbox 315 1489 436 1516; x_wconf 89' lang='lat' dir='ltr'>Domini</span> <span class='ocrx_word' id='word_1_407' title='bbox 455 1489 633 1525; x_wconf 85' lang='lat' dir='ltr'>perforatur,</span> <span class='ocrx_word' id='word_1_408' title='bbox 655 1491 684 1516; x_wconf 86' lang='lat' dir='ltr'>et</span> <span class='ocrx_word' id='word_1_409' title='bbox 705 1497 740 1516; x_wconf 86' lang='lat' dir='ltr'>ex</span> <span class='ocrx_word' id='word_1_410' title='bbox 759 1497 792 1515; x_wconf 84' lang='lat' dir='ltr'>eo</span> <span class='ocrx_word' id='word_1_411' title='bbox 814 1489 904 1516; x_wconf 79' lang='lat' dir='ltr'>exivit</span> <span class='ocrx_word' id='word_1_412' title='bbox 922 1489 1041 1524; x_wconf 77' lang='lat' dir='ltr'>sanguis</span> <span class='ocrx_word' id='word_1_413' title='bbox 1062 1490 1092 1515; x_wconf 87' lang='lat' dir='ltr'>et</span> <span class='ocrx_word' id='word_1_414' title='bbox 1110 1497 1195 1524; x_wconf 87' lang='lat' dir='ltr'>aqua.</span> <span class='ocrx_word' id='word_1_415' title='bbox 1222 1503 1258 1507; x_wconf 89' lang='lat'>—-</span> <span class='ocrx_word' id='word_1_416' title='bbox 1282 1489 1344 1515; x_wconf 90' lang='lat' dir='ltr'>Vor</span> <span class='ocrx_word' id='word_1_417' title='bbox 1363 1487 1399 1515; x_wconf 83' lang='lat'>77</span> <span class='ocrx_word' id='word_1_418' title='bbox 1426 1488 1510 1521; x_wconf 78' lang='lat' dir='ltr'>Quod</span> 
     </span>
     <span class='ocr_line' id='line_1_36' title="bbox 214 1524 1512 1562; baseline 0 -9"><span class='ocrx_word' id='word_1_419' title='bbox 214 1526 258 1553; x_wconf 91' lang='lat' dir='ltr'>Io.</span> <span class='ocrx_word' id='word_1_420' title='bbox 282 1534 385 1562; x_wconf 82' lang='lat' dir='ltr'>evang.</span> <span class='ocrx_word' id='word_1_421' title='bbox 406 1527 463 1554; x_wconf 85' lang='lat' dir='ltr'>fuit</span> <span class='ocrx_word' id='word_1_422' title='bbox 481 1535 660 1562; x_wconf 84' lang='lat' dir='ltr'>praecursor.</span> <span class='ocrx_word' id='word_1_423' title='bbox 681 1541 718 1545; x_wconf 97' lang='lat'>—</span> <span class='ocrx_word' id='word_1_424' title='bbox 734 1527 794 1553; x_wconf 91' lang='lat' dir='ltr'>Vor</span> <span class='ocrx_word' id='word_1_425' title='bbox 814 1524 849 1553; x_wconf 87' lang='lat'>79</span> <span class='ocrx_word' id='word_1_426' title='bbox 884 1525 968 1559; x_wconf 80' lang='lat' dir='ltr'>Quod</span> <span class='ocrx_word' id='word_1_427' title='bbox 986 1526 1029 1552; x_wconf 88' lang='lat' dir='ltr'>Io.</span> <span class='ocrx_word' id='word_1_428' title='bbox 1050 1533 1152 1562; x_wconf 79' lang='lat' dir='ltr'>evang.</span> <span class='ocrx_word' id='word_1_429' title='bbox 1176 1535 1241 1553; x_wconf 85' lang='lat' dir='ltr'>cum</span> <span class='ocrx_word' id='word_1_430' title='bbox 1260 1526 1346 1553; x_wconf 89' lang='lat' dir='ltr'>Petro</span> <span class='ocrx_word' id='word_1_431' title='bbox 1368 1527 1512 1553; x_wconf 88' lang='lat' dir='ltr'>convertit</span> 
     </span>
     <span class='ocr_line' id='line_1_37' title="bbox 215 1561 1509 1600; baseline 0 -9"><span class='ocrx_word' id='word_1_432' title='bbox 215 1564 346 1600; x_wconf 85' lang='lat' dir='ltr'>quinque</span> <span class='ocrx_word' id='word_1_433' title='bbox 371 1564 453 1591; x_wconf 85' lang='lat' dir='ltr'>milia</span> <span class='ocrx_word' id='word_1_434' title='bbox 473 1565 631 1592; x_wconf 85' lang='lat' dir='ltr'>hominum.</span> <span class='ocrx_word' id='word_1_435' title='bbox 651 1580 689 1583; x_wconf 97' lang='lat'><strong>—</strong></span> <span class='ocrx_word' id='word_1_436' title='bbox 709 1564 771 1591; x_wconf 87' lang='lat' dir='ltr'>Vor</span> <span class='ocrx_word' id='word_1_437' title='bbox 792 1561 830 1591; x_wconf 84' lang='lat'>82</span> <span class='ocrx_word' id='word_1_438' title='bbox 859 1563 943 1597; x_wconf 77' lang='lat' dir='ltr'>Quod</span> <span class='ocrx_word' id='word_1_439' title='bbox 963 1563 1005 1590; x_wconf 88' lang='lat' dir='ltr'>Io.</span> <span class='ocrx_word' id='word_1_440' title='bbox 1021 1571 1123 1600; x_wconf 78' lang='lat' dir='ltr'>evang.</span> <span class='ocrx_word' id='word_1_441' title='bbox 1144 1564 1318 1591; x_wconf 82' lang='lat' dir='ltr'>condemnat</span> <span class='ocrx_word' id='word_1_442' title='bbox 1338 1566 1450 1599; x_wconf 81' lang='lat' dir='ltr'>turpem</span> <span class='ocrx_word' id='word_1_443' title='bbox 1471 1565 1509 1591; x_wconf 89' lang='lat' dir='ltr'>si-</span> 
     </span>
     <span class='ocr_line' id='line_1_38' title="bbox 213 1599 1509 1637; baseline 0 -9"><span class='ocrx_word' id='word_1_444' title='bbox 213 1603 343 1629; x_wconf 87' lang='lat' dir='ltr'>moniam</span> <span class='ocrx_word' id='word_1_445' title='bbox 363 1610 423 1629; x_wconf 85' lang='grc'><strong>11113</strong></span> <span class='ocrx_word' id='word_1_446' title='bbox 443 1611 505 1629; x_wconf 90' lang='lat' dir='ltr'>cum</span> <span class='ocrx_word' id='word_1_447' title='bbox 521 1602 647 1636; x_wconf 89' lang='lat' dir='ltr'>Simone,</span> <span class='ocrx_word' id='word_1_448' title='bbox 670 1603 732 1629; x_wconf 86' lang='lat' dir='ltr'>eius</span> <span class='ocrx_word' id='word_1_449' title='bbox 752 1602 922 1637; x_wconf 85' lang='lat' dir='ltr'>turpissimo</span> <span class='ocrx_word' id='word_1_450' title='bbox 944 1602 1103 1628; x_wconf 85' lang='lat' dir='ltr'>inventore.</span> <span class='ocrx_word' id='word_1_451' title='bbox 1125 1618 1162 1621; x_wconf 97' lang='lat'><strong>—</strong></span> <span class='ocrx_word' id='word_1_452' title='bbox 1174 1602 1236 1630; x_wconf 90' lang='lat' dir='ltr'>Vor</span> <span class='ocrx_word' id='word_1_453' title='bbox 1250 1599 1287 1629; x_wconf 83' lang='lat'>83</span> <span class='ocrx_word' id='word_1_454' title='bbox 1309 1602 1393 1636; x_wconf 80' lang='lat' dir='ltr'>Quod</span> <span class='ocrx_word' id='word_1_455' title='bbox 1406 1610 1509 1637; x_wconf 83' lang='lat' dir='ltr'>evang.</span> 
     </span>
     <span class='ocr_line' id='line_1_39' title="bbox 214 1637 1506 1675; baseline -0.001 -9"><span class='ocrx_word' id='word_1_456' title='bbox 214 1640 364 1667; x_wconf 85' lang='lat' dir='ltr'>socialiter</span> <span class='ocrx_word' id='word_1_457' title='bbox 393 1643 438 1667; x_wconf 85' lang='lat' dir='ltr'>est</span> <span class='ocrx_word' id='word_1_458' title='bbox 466 1642 582 1667; x_wconf 86' lang='lat' dir='ltr'>iunctus</span> <span class='ocrx_word' id='word_1_459' title='bbox 609 1640 702 1667; x_wconf 87' lang='lat' dir='ltr'>Paulo</span> <span class='ocrx_word' id='word_1_460' title='bbox 731 1649 784 1675; x_wconf 87' lang='lat' dir='ltr'>per</span> <span class='ocrx_word' id='word_1_461' title='bbox 813 1639 968 1667; x_wconf 80' lang='lat' dir='ltr'>dexteram.</span> <span class='ocrx_word' id='word_1_462' title='bbox 999 1653 1037 1658; x_wconf 90' lang='lat'>—-</span> <span class='ocrx_word' id='word_1_463' title='bbox 1061 1639 1123 1667; x_wconf 87' lang='lat' dir='ltr'>Vor</span> <span class='ocrx_word' id='word_1_464' title='bbox 1151 1637 1190 1667; x_wconf 87' lang='lat'>84</span> <span class='ocrx_word' id='word_1_465' title='bbox 1224 1639 1308 1673; x_wconf 79' lang='lat' dir='ltr'>Quod</span> <span class='ocrx_word' id='word_1_466' title='bbox 1331 1640 1374 1667; x_wconf 90' lang='lat' dir='ltr'>Io.</span> <span class='ocrx_word' id='word_1_467' title='bbox 1402 1648 1506 1674; x_wconf 85' lang='lat' dir='ltr'>evang.</span> 
     </span>
     <span class='ocr_line' id='line_1_40' title="bbox 212 1675 1508 1713; baseline -0.001 -9"><span class='ocrx_word' id='word_1_468' title='bbox 212 1678 300 1704; x_wconf 86' lang='lat' dir='ltr'>etiam</span> <span class='ocrx_word' id='word_1_469' title='bbox 321 1679 362 1704; x_wconf 89' lang='lat' dir='ltr'>sit</span> <span class='ocrx_word' id='word_1_470' title='bbox 381 1678 490 1713; x_wconf 87' lang='lat' dir='ltr'>aquila.</span> <span class='ocrx_word' id='word_1_471' title='bbox 509 1692 547 1696; x_wconf 91' lang='lat'>—</span> <span class='ocrx_word' id='word_1_472' title='bbox 567 1678 629 1706; x_wconf 84' lang='lat' dir='ltr'>Vor</span> <span class='ocrx_word' id='word_1_473' title='bbox 648 1675 685 1705; x_wconf 90' lang='lat'>85</span> <span class='ocrx_word' id='word_1_474' title='bbox 717 1677 802 1711; x_wconf 79' lang='grc'><strong>911011</strong></span> <span class='ocrx_word' id='word_1_475' title='bbox 821 1678 861 1704; x_wconf 87' lang='lat' dir='ltr'>sit</span> <span class='ocrx_word' id='word_1_476' title='bbox 880 1677 1018 1704; x_wconf 85' lang='lat' dir='ltr'>medicus.</span> <span class='ocrx_word' id='word_1_477' title='bbox 1039 1692 1076 1696; x_wconf 97' lang='lat'>—</span> <span class='ocrx_word' id='word_1_478' title='bbox 1095 1678 1156 1705; x_wconf 90' lang='lat' dir='ltr'>Vor</span> <span class='ocrx_word' id='word_1_479' title='bbox 1175 1675 1212 1705; x_wconf 84' lang='lat'>87</span> <span class='ocrx_word' id='word_1_480' title='bbox 1244 1677 1328 1711; x_wconf 79' lang='lat' dir='ltr'>Quod</span> <span class='ocrx_word' id='word_1_481' title='bbox 1341 1678 1383 1705; x_wconf 91' lang='lat' dir='ltr'>Io.</span> <span class='ocrx_word' id='word_1_482' title='bbox 1406 1686 1508 1713; x_wconf 83' lang='lat' dir='ltr'>evang.</span> 
     </span>
     <span class='ocr_line' id='line_1_41' title="bbox 211 1713 1510 1748; baseline 0.001 -7"><span class='ocrx_word' id='word_1_483' title='bbox 211 1717 307 1742; x_wconf 88' lang='lat' dir='ltr'>mutat</span> <span class='ocrx_word' id='word_1_484' title='bbox 333 1715 512 1743; x_wconf 86' lang='lat' dir='ltr'>substantias</span> <span class='ocrx_word' id='word_1_485' title='bbox 538 1724 633 1743; x_wconf 86' lang='lat' dir='ltr'>rerum</span> <span class='ocrx_word' id='word_1_486' title='bbox 661 1717 691 1743; x_wconf 90' lang='lat' dir='ltr'>et</span> <span class='ocrx_word' id='word_1_487' title='bbox 714 1716 853 1743; x_wconf 85' lang='lat' dir='ltr'>transfert</span> <span class='ocrx_word' id='word_1_488' title='bbox 877 1717 997 1742; x_wconf 87' lang='lat' dir='ltr'>naturas</span> <span class='ocrx_word' id='word_1_489' title='bbox 1024 1722 1132 1742; x_wconf 87' lang='lat' dir='ltr'>earum.</span> <span class='ocrx_word' id='word_1_490' title='bbox 1160 1731 1197 1735; x_wconf 88' lang='lat'>——</span> <span class='ocrx_word' id='word_1_491' title='bbox 1216 1715 1277 1742; x_wconf 88' lang='lat' dir='ltr'>Vor</span> <span class='ocrx_word' id='word_1_492' title='bbox 1299 1713 1335 1742; x_wconf 89' lang='lat'>89</span> <span class='ocrx_word' id='word_1_493' title='bbox 1366 1715 1450 1748; x_wconf 81' lang='lat' dir='ltr'>Quod</span> <span class='ocrx_word' id='word_1_494' title='bbox 1471 1716 1510 1742; x_wconf 88' lang='lat' dir='ltr'>sit</span> 
     </span>
     <span class='ocr_line' id='line_1_42' title="bbox 212 1751 1508 1788; baseline 0 -9"><span class='ocrx_word' id='word_1_495' title='bbox 212 1752 380 1780; x_wconf 85' lang='lat' dir='ltr'>advocatus.</span> <span class='ocrx_word' id='word_1_496' title='bbox 407 1768 446 1772; x_wconf 92' lang='lat'>—-</span> <span class='ocrx_word' id='word_1_497' title='bbox 465 1754 527 1781; x_wconf 90' lang='lat' dir='ltr'>Vor</span> <span class='ocrx_word' id='word_1_498' title='bbox 551 1751 596 1787; x_wconf 83' lang='lat'>90,</span> <span class='ocrx_word' id='word_1_499' title='bbox 615 1751 635 1780; x_wconf 92' lang='lat'>4</span> <span class='ocrx_word' id='word_1_500' title='bbox 655 1753 737 1786; x_wconf 80' lang='lat' dir='ltr'>Quod</span> <span class='ocrx_word' id='word_1_501' title='bbox 760 1754 848 1781; x_wconf 85' lang='lat' dir='ltr'>etiam</span> <span class='ocrx_word' id='word_1_502' title='bbox 870 1754 910 1780; x_wconf 90' lang='lat' dir='ltr'>sit</span> <span class='ocrx_word' id='word_1_503' title='bbox 929 1752 1159 1780; x_wconf 83' lang='lat' dir='ltr'>archidiaconus.</span> <span class='ocrx_word' id='word_1_504' title='bbox 1180 1767 1216 1771; x_wconf 90' lang='lat'><strong>—</strong></span> <span class='ocrx_word' id='word_1_505' title='bbox 1236 1753 1297 1780; x_wconf 88' lang='lat' dir='ltr'>Vor</span> <span class='ocrx_word' id='word_1_506' title='bbox 1318 1751 1363 1788; x_wconf 92' lang='lat'>91,</span> <span class='ocrx_word' id='word_1_507' title='bbox 1386 1751 1403 1781; x_wconf 85' lang='lat'><strong>3</strong></span> <span class='ocrx_word' id='word_1_508' title='bbox 1424 1752 1508 1786; x_wconf 83' lang='grc'><strong>911011</strong></span> 
     </span>
     <span class='ocr_line' id='line_1_43' title="bbox 212 1788 1509 1827; baseline -0.001 -10"><span class='ocrx_word' id='word_1_509' title='bbox 212 1791 252 1818; x_wconf 91' lang='lat' dir='ltr'>sit</span> <span class='ocrx_word' id='word_1_510' title='bbox 276 1790 475 1827; x_wconf 84' lang='lat' dir='ltr'>archangelus.</span> <span class='ocrx_word' id='word_1_511' title='bbox 501 1805 539 1809; x_wconf 85' lang='lat'><strong>—</strong></span> <span class='ocrx_word' id='word_1_512' title='bbox 558 1791 619 1818; x_wconf 87' lang='lat' dir='ltr'>Vor</span> <span class='ocrx_word' id='word_1_513' title='bbox 644 1788 680 1818; x_wconf 82' lang='lat'>93</span> <span class='ocrx_word' id='word_1_514' title='bbox 711 1791 794 1824; x_wconf 77' lang='lat' dir='ltr'>Quod</span> <span class='ocrx_word' id='word_1_515' title='bbox 814 1791 857 1818; x_wconf 95' lang='lat' dir='ltr'>Io.</span> <span class='ocrx_word' id='word_1_516' title='bbox 885 1798 987 1826; x_wconf 87' lang='lat' dir='ltr'>evang.</span> <span class='ocrx_word' id='word_1_517' title='bbox 1014 1791 1054 1817; x_wconf 92' lang='lat' dir='ltr'>sit</span> <span class='ocrx_word' id='word_1_518' title='bbox 1075 1791 1226 1827; x_wconf 86' lang='lat' dir='ltr'>propheta.</span> <span class='ocrx_word' id='word_1_519' title='bbox 1246 1805 1282 1809; x_wconf 92' lang='lat'>—</span> <span class='ocrx_word' id='word_1_520' title='bbox 1302 1791 1364 1819; x_wconf 88' lang='lat' dir='ltr'>Vor</span> <span class='ocrx_word' id='word_1_521' title='bbox 1383 1789 1419 1818; x_wconf 88' lang='grc'>95</span> <span class='ocrx_word' id='word_1_522' title='bbox 1449 1790 1509 1817; x_wconf 86' lang='lat' dir='ltr'>Hic</span> 
     </span>
     <span class='ocr_line' id='line_1_44' title="bbox 211 1828 1506 1864; baseline 0.001 -10"><span class='ocrx_word' id='word_1_523' title='bbox 211 1830 329 1855; x_wconf 86' lang='lat' dir='ltr'>notetur</span> <span class='ocrx_word' id='word_1_524' title='bbox 349 1830 485 1864; x_wconf 86' lang='lat' dir='ltr'>specialis</span> <span class='ocrx_word' id='word_1_525' title='bbox 506 1828 622 1856; x_wconf 84' lang='lat' dir='ltr'>effeetus</span> <span class='ocrx_word' id='word_1_526' title='bbox 643 1829 816 1862; x_wconf 85' lang='lat' dir='ltr'>dilectionis,</span> <span class='ocrx_word' id='word_1_527' title='bbox 837 1836 924 1864; x_wconf 86' lang='lat' dir='ltr'>quam</span> <span class='ocrx_word' id='word_1_528' title='bbox 935 1828 1068 1856; x_wconf 78' lang='lat' dir='ltr'>Christus</span> <span class='ocrx_word' id='word_1_529' title='bbox 1090 1829 1223 1856; x_wconf 82' lang='lat' dir='ltr'>exhibuit</span> <span class='ocrx_word' id='word_1_530' title='bbox 1237 1828 1364 1856; x_wconf 86' lang='lat' dir='ltr'>Iohanni</span> <span class='ocrx_word' id='word_1_531' title='bbox 1383 1836 1506 1864; x_wconf 82' lang='lat' dir='ltr'>evange-</span> 
     </span>
     <span class='ocr_line' id='line_1_45' title="bbox 213 1865 1509 1903; baseline -0.001 -10"><span class='ocrx_word' id='word_1_532' title='bbox 213 1866 309 1893; x_wconf 90' lang='lat' dir='ltr'>listae.</span> <span class='ocrx_word' id='word_1_533' title='bbox 324 1880 361 1884; x_wconf 86' lang='lat'>—</span> <span class='ocrx_word' id='word_1_534' title='bbox 371 1866 432 1894; x_wconf 89' lang='lat' dir='ltr'>Vor</span> <span class='ocrx_word' id='word_1_535' title='bbox 445 1865 482 1894; x_wconf 88' lang='lat'>99</span> <span class='ocrx_word' id='word_1_536' title='bbox 503 1866 587 1900; x_wconf 82' lang='lat' dir='ltr'>Quod</span> <span class='ocrx_word' id='word_1_537' title='bbox 597 1866 743 1894; x_wconf 88' lang='lat' dir='ltr'>Iohannes</span> <span class='ocrx_word' id='word_1_538' title='bbox 758 1866 940 1903; x_wconf 82' lang='lat' dir='ltr'>evangelista</span> <span class='ocrx_word' id='word_1_539' title='bbox 953 1869 1011 1893; x_wconf 89' lang='lat' dir='ltr'>tres</span> <span class='ocrx_word' id='word_1_540' title='bbox 1023 1866 1126 1893; x_wconf 85' lang='lat' dir='ltr'>scribit</span> <span class='ocrx_word' id='word_1_541' title='bbox 1139 1867 1278 1902; x_wconf 84' lang='lat' dir='ltr'>epistolas</span> <span class='ocrx_word' id='word_1_542' title='bbox 1293 1868 1457 1893; x_wconf 86' lang='lat' dir='ltr'>canonicas.</span> <span class='ocrx_word' id='word_1_543' title='bbox 1470 1881 1509 1885; x_wconf 89' lang='lat'>—</span> 
     </span>
     <span class='ocr_line' id='line_1_46' title="bbox 211 1902 1508 1940; baseline -0.001 -9"><span class='ocrx_word' id='word_1_544' title='bbox 211 1904 273 1931; x_wconf 90' lang='lat' dir='ltr'>Vor</span> <span class='ocrx_word' id='word_1_545' title='bbox 295 1902 348 1931; x_wconf 92' lang='lat'>100</span> <span class='ocrx_word' id='word_1_546' title='bbox 370 1904 455 1937; x_wconf 78' lang='lat' dir='ltr'>Quod</span> <span class='ocrx_word' id='word_1_547' title='bbox 468 1904 614 1932; x_wconf 89' lang='lat' dir='ltr'>Iohannes</span> <span class='ocrx_word' id='word_1_548' title='bbox 636 1904 818 1940; x_wconf 87' lang='lat' dir='ltr'>evangelista</span> <span class='ocrx_word' id='word_1_549' title='bbox 834 1906 988 1931; x_wconf 82' lang='lat' dir='ltr'>revocatus</span> <span class='ocrx_word' id='word_1_550' title='bbox 1011 1904 1047 1930; x_wconf 85' lang='lat' dir='ltr'>ab</span> <span class='ocrx_word' id='word_1_551' title='bbox 1061 1904 1134 1931; x_wconf 89' lang='lat' dir='ltr'>Asia</span> <span class='ocrx_word' id='word_1_552' title='bbox 1147 1905 1250 1931; x_wconf 90' lang='lat' dir='ltr'>scribit</span> <span class='ocrx_word' id='word_1_553' title='bbox 1264 1904 1456 1939; x_wconf 86' lang='lat' dir='ltr'>evangelium.</span> <span class='ocrx_word' id='word_1_554' title='bbox 1472 1918 1508 1922; x_wconf 91' lang='lat'>—</span> 
     </span>
     <span class='ocr_line' id='line_1_47' title="bbox 213 1939 1508 1978; baseline -0.001 -9"><span class='ocrx_word' id='word_1_555' title='bbox 213 1940 266 1969; x_wconf 90' lang='lat'>101</span> <span class='ocrx_word' id='word_1_556' title='bbox 287 1942 333 1969; x_wconf 90' lang='lat' dir='ltr'>De</span> <span class='ocrx_word' id='word_1_557' title='bbox 352 1945 444 1970; x_wconf 89' lang='lat' dir='ltr'>morte</span> <span class='ocrx_word' id='word_1_558' title='bbox 457 1942 598 1970; x_wconf 85' lang='lat' dir='ltr'>Iohannis</span> <span class='ocrx_word' id='word_1_559' title='bbox 619 1942 825 1978; x_wconf 80' lang='lat' dir='ltr'>evangelistae.</span> <span class='ocrx_word' id='word_1_560' title='bbox 845 1956 884 1960; x_wconf 88' lang='lat'>—-</span> <span class='ocrx_word' id='word_1_561' title='bbox 902 1942 964 1969; x_wconf 88' lang='lat' dir='ltr'>Vor</span> <span class='ocrx_word' id='word_1_562' title='bbox 985 1939 1047 1975; x_wconf 90' lang='grc'><strong>101,</strong></span> <span class='ocrx_word' id='word_1_563' title='bbox 1068 1939 1088 1968; x_wconf 94' lang='lat'>4</span> <span class='ocrx_word' id='word_1_564' title='bbox 1102 1943 1196 1976; x_wconf 78' lang='lat' dir='ltr'>Quoto</span> <span class='ocrx_word' id='word_1_565' title='bbox 1218 1950 1293 1969; x_wconf 92' lang='lat' dir='ltr'>anno</span> <span class='ocrx_word' id='word_1_566' title='bbox 1316 1943 1421 1969; x_wconf 83' lang='lat' dir='ltr'>aetatis</span> <span class='ocrx_word' id='word_1_567' title='bbox 1437 1949 1508 1969; x_wconf 85' lang='lat' dir='ltr'>suae</span> 
     </span>
     <span class='ocr_line' id='line_1_48' title="bbox 210 1977 1507 2016; baseline -0.001 -9"><span class='ocrx_word' id='word_1_568' title='bbox 210 1980 299 2007; x_wconf 78' lang='lat' dir='ltr'>fuerit</span> <span class='ocrx_word' id='word_1_569' title='bbox 330 1978 491 2008; x_wconf 81' lang='lat' dir='ltr'>defunctus.</span> <span class='ocrx_word' id='word_1_570' title='bbox 521 1994 559 1999; x_wconf 89' lang='lat'>—-</span> <span class='ocrx_word' id='word_1_571' title='bbox 587 1981 650 2008; x_wconf 88' lang='lat' dir='ltr'>Vor</span> <span class='ocrx_word' id='word_1_572' title='bbox 684 1977 738 2008; x_wconf 85' lang='lat'>103</span> <span class='ocrx_word' id='word_1_573' title='bbox 767 1980 851 2014; x_wconf 80' lang='lat' dir='ltr'>Quod</span> <span class='ocrx_word' id='word_1_574' title='bbox 879 1980 1026 2007; x_wconf 86' lang='lat' dir='ltr'>Iohannes</span> <span class='ocrx_word' id='word_1_575' title='bbox 1060 1980 1242 2016; x_wconf 85' lang='lat' dir='ltr'>evangelista</span> <span class='ocrx_word' id='word_1_576' title='bbox 1273 1982 1395 2007; x_wconf 89' lang='lat' dir='ltr'>mortem</span> <span class='ocrx_word' id='word_1_577' title='bbox 1424 1988 1507 2015; x_wconf 88' lang='lat' dir='ltr'>prae-</span> 
     </span>
     <span class='ocr_line' id='line_1_49' title="bbox 210 2015 1508 2055; baseline -0.001 -10"><span class='ocrx_word' id='word_1_578' title='bbox 210 2018 300 2045; x_wconf 85' lang='lat' dir='ltr'>scivit</span> <span class='ocrx_word' id='word_1_579' title='bbox 324 2021 354 2045; x_wconf 89' lang='lat' dir='ltr'>et</span> <span class='ocrx_word' id='word_1_580' title='bbox 380 2019 457 2055; x_wconf 89' lang='lat' dir='ltr'>quod</span> <span class='ocrx_word' id='word_1_581' title='bbox 478 2018 610 2046; x_wconf 88' lang='lat' dir='ltr'>Christus</span> <span class='ocrx_word' id='word_1_582' title='bbox 637 2027 701 2045; x_wconf 89' lang='lat' dir='ltr'>cum</span> <span class='ocrx_word' id='word_1_583' title='bbox 728 2018 881 2054; x_wconf 85' lang='lat' dir='ltr'>discipulis</span> <span class='ocrx_word' id='word_1_584' title='bbox 906 2018 968 2045; x_wconf 90' lang='lat' dir='ltr'>suis</span> <span class='ocrx_word' id='word_1_585' title='bbox 994 2015 1051 2044; x_wconf 87' lang='lat' dir='ltr'>sibi</span> <span class='ocrx_word' id='word_1_586' title='bbox 1076 2019 1212 2054; x_wconf 82' lang='lat' dir='ltr'>apparuit</span> <span class='ocrx_word' id='word_1_587' title='bbox 1235 2019 1364 2045; x_wconf 86' lang='lat' dir='ltr'>invitans</span> <span class='ocrx_word' id='word_1_588' title='bbox 1385 2026 1448 2044; x_wconf 89' lang='lat' dir='ltr'>eum</span> <span class='ocrx_word' id='word_1_589' title='bbox 1471 2018 1508 2044; x_wconf 87' lang='lat' dir='ltr'>ad</span> 
     </span>
     <span class='ocr_line' id='line_1_50' title="bbox 210 2054 1505 2092; baseline -0.001 -9"><span class='ocrx_word' id='word_1_590' title='bbox 210 2059 347 2084; x_wconf 89' lang='lat' dir='ltr'>aeternae</span> <span class='ocrx_word' id='word_1_591' title='bbox 371 2058 450 2084; x_wconf 88' lang='lat' dir='ltr'>vitae</span> <span class='ocrx_word' id='word_1_592' title='bbox 471 2058 645 2084; x_wconf 82' lang='lat' dir='ltr'>convivium.</span> <span class='ocrx_word' id='word_1_593' title='bbox 667 2072 704 2076; x_wconf 90' lang='lat'><em>-</em></span> <span class='ocrx_word' id='word_1_594' title='bbox 722 2057 784 2083; x_wconf 90' lang='lat' dir='ltr'>Vor</span> <span class='ocrx_word' id='word_1_595' title='bbox 805 2054 858 2083; x_wconf 90' lang='lat'>105</span> <span class='ocrx_word' id='word_1_596' title='bbox 879 2054 963 2089; x_wconf 82' lang='lat' dir='ltr'>Quod</span> <span class='ocrx_word' id='word_1_597' title='bbox 983 2055 1128 2083; x_wconf 86' lang='lat' dir='ltr'>Iohannes</span> <span class='ocrx_word' id='word_1_598' title='bbox 1150 2055 1334 2092; x_wconf 84' lang='lat' dir='ltr'>evangelista</span> <span class='ocrx_word' id='word_1_599' title='bbox 1353 2054 1505 2083; x_wconf 86' lang='lat' dir='ltr'>confitetur</span> 
     </span>
     <span class='ocr_line' id='line_1_51' title="bbox 210 2091 1507 2129; baseline -0.002 -7"><span class='ocrx_word' id='word_1_600' title='bbox 210 2093 357 2121; x_wconf 88' lang='lat' dir='ltr'>Christum</span> <span class='ocrx_word' id='word_1_601' title='bbox 383 2103 484 2122; x_wconf 88' lang='lat' dir='ltr'>verum</span> <span class='ocrx_word' id='word_1_602' title='bbox 510 2103 573 2122; x_wconf 87' lang='lat' dir='ltr'>esse</span> <span class='ocrx_word' id='word_1_603' title='bbox 591 2095 649 2122; x_wconf 93' lang='lat' dir='ltr'>Dei</span> <span class='ocrx_word' id='word_1_604' title='bbox 668 2093 771 2121; x_wconf 76' lang='lat' dir='ltr'>filium.</span> <span class='ocrx_word' id='word_1_605' title='bbox 790 2108 829 2112; x_wconf 91' lang='lat'>—</span> <span class='ocrx_word' id='word_1_606' title='bbox 851 2094 912 2121; x_wconf 88' lang='lat' dir='ltr'>Vor</span> <span class='ocrx_word' id='word_1_607' title='bbox 933 2091 995 2127; x_wconf 90' lang='lat'>106,</span> <span class='ocrx_word' id='word_1_608' title='bbox 1015 2091 1036 2120; x_wconf 89' lang='lat'>4</span> <span class='ocrx_word' id='word_1_609' title='bbox 1056 2093 1140 2126; x_wconf 78' lang='lat' dir='ltr'>Quod</span> <span class='ocrx_word' id='word_1_610' title='bbox 1159 2094 1304 2121; x_wconf 86' lang='lat' dir='ltr'>Iohannes</span> <span class='ocrx_word' id='word_1_611' title='bbox 1326 2093 1507 2129; x_wconf 85' lang='lat' dir='ltr'>evangelista</span> 
     </span>
     <span class='ocr_line' id='line_1_52' title="bbox 208 2130 1507 2165; baseline -0.001 -6"><span class='ocrx_word' id='word_1_612' title='bbox 208 2133 367 2160; x_wconf 82' lang='lat' dir='ltr'>moriturus</span> <span class='ocrx_word' id='word_1_613' title='bbox 392 2133 475 2160; x_wconf 79' lang='lat' dir='ltr'>dixit.</span> <span class='ocrx_word' id='word_1_614' title='bbox 502 2148 539 2152; x_wconf 90' lang='lat'>—-</span> <span class='ocrx_word' id='word_1_615' title='bbox 565 2133 626 2160; x_wconf 88' lang='lat' dir='ltr'>Vor</span> <span class='ocrx_word' id='word_1_616' title='bbox 654 2130 706 2160; x_wconf 93' lang='lat'>107</span> <span class='ocrx_word' id='word_1_617' title='bbox 739 2132 824 2165; x_wconf 77' lang='grc'><strong>911011</strong></span> <span class='ocrx_word' id='word_1_618' title='bbox 842 2131 988 2159; x_wconf 88' lang='lat' dir='ltr'>Iohannes</span> <span class='ocrx_word' id='word_1_619' title='bbox 1017 2139 1060 2158; x_wconf 85' lang='lat' dir='ltr'>ev.</span> <span class='ocrx_word' id='word_1_620' title='bbox 1082 2133 1238 2159; x_wconf 86' lang='lat' dir='ltr'>moriturus</span> <span class='ocrx_word' id='word_1_621' title='bbox 1259 2132 1291 2158; x_wconf 90' lang='lat' dir='ltr'>in</span> <span class='ocrx_word' id='word_1_622' title='bbox 1311 2130 1367 2159; x_wconf 89' lang='lat' dir='ltr'>fide</span> <span class='ocrx_word' id='word_1_623' title='bbox 1385 2132 1507 2158; x_wconf 83' lang='lat' dir='ltr'>roborat</span> 
     </span>
     <span class='ocr_line' id='line_1_53' title="bbox 208 2169 1509 2206; baseline -0.001 -9"><span class='ocrx_word' id='word_1_624' title='bbox 208 2170 377 2206; x_wconf 84' lang='lat' dir='ltr'>Ephesinos</span> <span class='ocrx_word' id='word_1_625' title='bbox 402 2173 431 2199; x_wconf 88' lang='lat' dir='ltr'>et</span> <span class='ocrx_word' id='word_1_626' title='bbox 456 2172 498 2199; x_wconf 88' lang='lat' dir='ltr'>eis</span> <span class='ocrx_word' id='word_1_627' title='bbox 522 2170 690 2198; x_wconf 89' lang='lat' dir='ltr'>valedicens</span> <span class='ocrx_word' id='word_1_628' title='bbox 711 2172 813 2197; x_wconf 89' lang='lat' dir='ltr'>vivens</span> <span class='ocrx_word' id='word_1_629' title='bbox 834 2169 983 2197; x_wconf 82' lang='lat' dir='ltr'>descendit</span> <span class='ocrx_word' id='word_1_630' title='bbox 1001 2170 1033 2195; x_wconf 87' lang='lat' dir='ltr'>in</span> <span class='ocrx_word' id='word_1_631' title='bbox 1053 2169 1198 2197; x_wconf 84' lang='lat' dir='ltr'>defossum</span> <span class='ocrx_word' id='word_1_632' title='bbox 1217 2171 1281 2197; x_wconf 85' lang='lat' dir='ltr'>sive</span> <span class='ocrx_word' id='word_1_633' title='bbox 1299 2169 1397 2196; x_wconf 88' lang='lat' dir='ltr'>locum</span> <span class='ocrx_word' id='word_1_634' title='bbox 1417 2172 1446 2196; x_wconf 92' lang='lat' dir='ltr'>et</span> <span class='ocrx_word' id='word_1_635' title='bbox 1465 2170 1509 2196; x_wconf 85' lang='lat' dir='ltr'>sic</span> 
     </span>
     <span class='ocr_line' id='line_1_54' title="bbox 206 2205 1507 2245; baseline -0.002 -9"><span class='ocrx_word' id='word_1_636' title='bbox 206 2210 238 2236; x_wconf 92' lang='lat' dir='ltr'>in</span> <span class='ocrx_word' id='word_1_637' title='bbox 265 2216 337 2245; x_wconf 85' lang='lat' dir='ltr'>pace</span> <span class='ocrx_word' id='word_1_638' title='bbox 363 2210 477 2237; x_wconf 89' lang='lat' dir='ltr'>senium</span> <span class='ocrx_word' id='word_1_639' title='bbox 496 2208 600 2236; x_wconf 86' lang='lat' dir='ltr'>finivit.</span> <span class='ocrx_word' id='word_1_640' title='bbox 621 2225 658 2229; x_wconf 84' lang='lat'>—</span> <span class='ocrx_word' id='word_1_641' title='bbox 677 2209 739 2236; x_wconf 87' lang='lat' dir='ltr'>Vor</span> <span class='ocrx_word' id='word_1_642' title='bbox 760 2205 814 2235; x_wconf 88' lang='grc'>108</span> <span class='ocrx_word' id='word_1_643' title='bbox 840 2207 924 2241; x_wconf 87' lang='grc'><strong>911011</strong></span> <span class='ocrx_word' id='word_1_644' title='bbox 944 2207 979 2234; x_wconf 86' lang='grc'>(10</span> <span class='ocrx_word' id='word_1_645' title='bbox 999 2207 1111 2235; x_wconf 87' lang='lat' dir='ltr'>tumulo</span> <span class='ocrx_word' id='word_1_646' title='bbox 1131 2208 1174 2235; x_wconf 94' lang='lat' dir='ltr'>Io.</span> <span class='ocrx_word' id='word_1_647' title='bbox 1195 2216 1239 2235; x_wconf 91' lang='lat' dir='ltr'>ev.</span> <span class='ocrx_word' id='word_1_648' title='bbox 1260 2209 1389 2235; x_wconf 86' lang='lat' dir='ltr'>minutus</span> <span class='ocrx_word' id='word_1_649' title='bbox 1409 2207 1507 2243; x_wconf 86' lang='lat' dir='ltr'>pulvis</span> 
     </span>
     <span class='ocr_line' id='line_1_55' title="bbox 207 2244 1508 2283; baseline -0.002 -8"><span class='ocrx_word' id='word_1_650' title='bbox 207 2249 314 2281; x_wconf 87' lang='lat' dir='ltr'>scatet,</span> <span class='ocrx_word' id='word_1_651' title='bbox 342 2250 370 2275; x_wconf 93' lang='lat' dir='ltr'>et</span> <span class='ocrx_word' id='word_1_652' title='bbox 394 2248 464 2283; x_wconf 85' lang='lat' dir='ltr'>quid</span> <span class='ocrx_word' id='word_1_653' title='bbox 488 2247 537 2274; x_wconf 87' lang='lat' dir='ltr'>hic</span> <span class='ocrx_word' id='word_1_654' title='bbox 563 2248 709 2283; x_wconf 86' lang='lat' dir='ltr'>scaturigo</span> <span class='ocrx_word' id='word_1_655' title='bbox 731 2245 891 2282; x_wconf 85' lang='lat' dir='ltr'>significat,</span> <span class='ocrx_word' id='word_1_656' title='bbox 919 2245 999 2273; x_wconf 89' lang='lat' dir='ltr'>solus</span> <span class='ocrx_word' id='word_1_657' title='bbox 1019 2245 1100 2272; x_wconf 88' lang='lat' dir='ltr'>Deus</span> <span class='ocrx_word' id='word_1_658' title='bbox 1123 2247 1187 2273; x_wconf 84' lang='lat' dir='ltr'>seit.</span> <span class='ocrx_word' id='word_1_659' title='bbox 1208 2261 1246 2265; x_wconf 91' lang='lat'>-——</span> <span class='ocrx_word' id='word_1_660' title='bbox 1265 2246 1327 2273; x_wconf 89' lang='lat' dir='ltr'>Vor</span> <span class='ocrx_word' id='word_1_661' title='bbox 1348 2244 1401 2273; x_wconf 92' lang='lat'>109</span> <span class='ocrx_word' id='word_1_662' title='bbox 1423 2245 1508 2278; x_wconf 81' lang='lat' dir='ltr'>Quod</span> 
     </span>
     <span class='ocr_line' id='line_1_56' title="bbox 206 2283 1508 2321; baseline -0.002 -8"><span class='ocrx_word' id='word_1_663' title='bbox 206 2286 249 2313; x_wconf 91' lang='lat' dir='ltr'>Io.</span> <span class='ocrx_word' id='word_1_664' title='bbox 271 2294 314 2312; x_wconf 90' lang='lat' dir='ltr'>ev.</span> <span class='ocrx_word' id='word_1_665' title='bbox 336 2287 376 2313; x_wconf 90' lang='lat' dir='ltr'>sit</span> <span class='ocrx_word' id='word_1_666' title='bbox 394 2285 447 2313; x_wconf 90' lang='lat' dir='ltr'>ille</span> <span class='ocrx_word' id='word_1_667' title='bbox 466 2285 644 2321; x_wconf 85' lang='lat' dir='ltr'>discipulus,</span> <span class='ocrx_word' id='word_1_668' title='bbox 670 2285 707 2312; x_wconf 88' lang='lat' dir='ltr'>(le</span> <span class='ocrx_word' id='word_1_669' title='bbox 726 2293 783 2320; x_wconf 89' lang='lat' dir='ltr'>quo</span> <span class='ocrx_word' id='word_1_670' title='bbox 803 2293 897 2312; x_wconf 88' lang='lat' dir='ltr'>sermo</span> <span class='ocrx_word' id='word_1_671' title='bbox 919 2285 991 2311; x_wconf 81' lang='lat' dir='ltr'>exiit</span> <span class='ocrx_word' id='word_1_672' title='bbox 1009 2284 1085 2311; x_wconf 87' lang='lat' dir='ltr'>inter</span> <span class='ocrx_word' id='word_1_673' title='bbox 1104 2284 1222 2318; x_wconf 85' lang='lat' dir='ltr'>fratres,</span> <span class='ocrx_word' id='word_1_674' title='bbox 1250 2284 1327 2319; x_wconf 89' lang='lat' dir='ltr'>quod</span> <span class='ocrx_word' id='word_1_675' title='bbox 1347 2283 1508 2319; x_wconf 86' lang='lat' dir='ltr'>discipulus</span> 
     </span>
     <span class='ocr_line' id='line_1_57' title="bbox 206 2321 1508 2358; baseline -0.002 -8"><span class='ocrx_word' id='word_1_676' title='bbox 206 2323 259 2351; x_wconf 89' lang='lat' dir='ltr'>ille</span> <span class='ocrx_word' id='word_1_677' title='bbox 291 2332 351 2351; x_wconf 89' lang='lat' dir='ltr'>non</span> <span class='ocrx_word' id='word_1_678' title='bbox 380 2325 510 2352; x_wconf 88' lang='lat' dir='ltr'>moritur.</span> <span class='ocrx_word' id='word_1_679' title='bbox 539 2338 578 2342; x_wconf 93' lang='lat'>——</span> <span class='ocrx_word' id='word_1_680' title='bbox 607 2324 668 2351; x_wconf 90' lang='lat' dir='ltr'>Vor</span> <span class='ocrx_word' id='word_1_681' title='bbox 694 2321 748 2350; x_wconf 89' lang='grc'>110</span> <span class='ocrx_word' id='word_1_682' title='bbox 777 2322 862 2356; x_wconf 80' lang='lat' dir='ltr'>Quod</span> <span class='ocrx_word' id='word_1_683' title='bbox 889 2323 932 2350; x_wconf 92' lang='lat' dir='ltr'>Io.</span> <span class='ocrx_word' id='word_1_684' title='bbox 962 2331 1005 2349; x_wconf 92' lang='lat' dir='ltr'>ev.</span> <span class='ocrx_word' id='word_1_685' title='bbox 1035 2323 1138 2349; x_wconf 86' lang='lat' dir='ltr'>merito</span> <span class='ocrx_word' id='word_1_686' title='bbox 1168 2322 1374 2358; x_wconf 83' lang='lat' dir='ltr'>praeferendus</span> <span class='ocrx_word' id='word_1_687' title='bbox 1401 2322 1440 2348; x_wconf 87' lang='lat' dir='ltr'>sit</span> <span class='ocrx_word' id='word_1_688' title='bbox 1465 2321 1508 2348; x_wconf 92' lang='lat' dir='ltr'>Io.</span> 
     </span>
     <span class='ocr_line' id='line_1_58' title="bbox 205 2359 1509 2397; baseline -0.003 -7"><span class='ocrx_word' id='word_1_689' title='bbox 205 2362 286 2397; x_wconf 77' lang='lat' dir='ltr'>bapt·</span> <span class='ocrx_word' id='word_1_690' title='bbox 313 2377 351 2381; x_wconf 89' lang='lat'>—</span> <span class='ocrx_word' id='word_1_691' title='bbox 375 2362 437 2389; x_wconf 89' lang='lat' dir='ltr'>Vor</span> <span class='ocrx_word' id='word_1_692' title='bbox 458 2359 512 2389; x_wconf 95' lang='lat'>111</span> <span class='ocrx_word' id='word_1_693' title='bbox 542 2362 650 2389; x_wconf 83' lang='lat' dir='ltr'>Petitio</span> <span class='ocrx_word' id='word_1_694' title='bbox 677 2362 770 2397; x_wconf 83' lang='lat' dir='ltr'>partis</span> <span class='ocrx_word' id='word_1_695' title='bbox 794 2361 837 2388; x_wconf 93' lang='lat' dir='ltr'>Io.</span> <span class='ocrx_word' id='word_1_696' title='bbox 864 2369 907 2387; x_wconf 88' lang='lat' dir='ltr'>ev.</span> <span class='ocrx_word' id='word_1_697' title='bbox 933 2369 1019 2396; x_wconf 81' lang='lat' dir='ltr'>super</span> <span class='ocrx_word' id='word_1_698' title='bbox 1038 2361 1165 2387; x_wconf 87' lang='lat' dir='ltr'>narratis</span> <span class='ocrx_word' id='word_1_699' title='bbox 1185 2361 1218 2387; x_wconf 90' lang='lat' dir='ltr'>in</span> <span class='ocrx_word' id='word_1_700' title='bbox 1236 2359 1351 2390; x_wconf 84' lang='lat' dir='ltr'>libello,</span> <span class='ocrx_word' id='word_1_701' title='bbox 1378 2361 1408 2387; x_wconf 90' lang='lat' dir='ltr'>et</span> <span class='ocrx_word' id='word_1_702' title='bbox 1431 2359 1509 2394; x_wconf 89' lang='lat' dir='ltr'>quod</span> 
     </span>
     <span class='ocr_line' id='line_1_59' title="bbox 207 2397 1507 2436; baseline -0.001 -11"><span class='ocrx_word' id='word_1_703' title='bbox 207 2399 274 2435; x_wconf 87' lang='lat' dir='ltr'>ipsa</span> <span class='ocrx_word' id='word_1_704' title='bbox 305 2407 373 2435; x_wconf 71' lang='lat' dir='ltr'>pars</span> <span class='ocrx_word' id='word_1_705' title='bbox 407 2399 490 2427; x_wconf 75' lang='lat' dir='ltr'>offert</span> <span class='ocrx_word' id='word_1_706' title='bbox 522 2408 553 2427; x_wconf 90' lang='lat' dir='ltr'>se</span> <span class='ocrx_word' id='word_1_707' title='bbox 586 2400 775 2436; x_wconf 76' lang='lat' dir='ltr'>probaturam</span> <span class='ocrx_word' id='word_1_708' title='bbox 808 2407 857 2432; x_wconf 87' lang='lat' dir='ltr'>ea,</span> <span class='ocrx_word' id='word_1_709' title='bbox 897 2406 973 2434; x_wconf 88' lang='lat' dir='ltr'>quae</span> <span class='ocrx_word' id='word_1_710' title='bbox 1012 2399 1080 2425; x_wconf 86' lang='lat' dir='ltr'>sunt</span> <span class='ocrx_word' id='word_1_711' title='bbox 1111 2400 1231 2425; x_wconf 86' lang='lat' dir='ltr'>narrata</span> <span class='ocrx_word' id='word_1_712' title='bbox 1263 2398 1294 2424; x_wconf 89' lang='lat' dir='ltr'>in</span> <span class='ocrx_word' id='word_1_713' title='bbox 1327 2397 1437 2425; x_wconf 91' lang='lat' dir='ltr'>libello.</span> <span class='ocrx_word' id='word_1_714' title='bbox 1470 2411 1507 2415; x_wconf 92' lang='lat'>—</span> 
     </span>
    </p>
   </div>
  </div>
 </body>
</html>
