<?xml version="1.0" encoding="UTF-8"?>
<!DOCTYPE html PUBLIC "-//W3C//DTD XHTML 1.0 Transitional//EN"
    "http://www.w3.org/TR/xhtml1/DTD/xhtml1-transitional.dtd">
<html xmlns="http://www.w3.org/1999/xhtml" xml:lang="en" lang="en">
 <head>
  <title>
</title>
<meta http-equiv="Content-Type" content="text/html;charset=utf-8" />
  <meta name='ocr-system' content='tesseract 3.04.00' />
  <meta name='ocr-capabilities' content='ocr_page ocr_carea ocr_par ocr_line ocrx_word'/>
</head>
<body>
  <div class='ocr_page' id='page_1' title='image "./analectahymnica29drevuoft_00176.png"; bbox 0 0 1655 2573; ppageno 0'>
   <div class='ocr_carea' id='block_1_1' title="bbox 709 140 966 176">
    <p class='ocr_par' dir='ltr' id='par_1_1' title="bbox 709 140 966 176">
     <span class='ocr_line' id='line_1_1' title="bbox 709 140 966 176; baseline 0.008 -2"><span class='ocrx_word' id='word_1_1' title='bbox 709 140 966 176; x_wconf 39' lang='lat'>*173—</span> 
     </span>
    </p>
   </div>
   <div class='ocr_carea' id='block_1_2' title="bbox 204 233 583 277">
    <p class='ocr_par' dir='ltr' id='par_1_2' title="bbox 204 233 583 277">
     <span class='ocr_line' id='line_1_2' title="bbox 204 233 583 277; baseline 0.005 -12"><span class='ocrx_word' id='word_1_2' title='bbox 204 234 235 266; x_wconf 88' lang='lat'><strong>3.</strong></span> <span class='ocrx_word' id='word_1_3' title='bbox 264 233 360 266; x_wconf 87' lang='lat' dir='ltr'><strong>Varia</strong></span> <span class='ocrx_word' id='word_1_4' title='bbox 384 234 583 277; x_wconf 79' lang='lat' dir='ltr'><strong>miraculose,</strong></span> 
     </span>
    </p>
   </div>
   <div class='ocr_carea' id='block_1_3' title="bbox 192 561 1299 600">
    <p class='ocr_par' dir='ltr' id='par_1_3' title="bbox 192 561 1299 600">
     <span class='ocr_line' id='line_1_3' title="bbox 192 561 1299 600; baseline 0.003 -12"><span class='ocrx_word' id='word_1_5' title='bbox 192 570 244 589; x_wconf 88' lang='lat' dir='ltr'><strong>ms.</strong></span> <span class='ocrx_word' id='word_1_6' title='bbox 266 570 342 590; x_wconf 83' lang='lat' dir='ltr'><strong>saec.</strong></span> <span class='ocrx_word' id='word_1_7' title='bbox 364 561 409 590; x_wconf 84' lang='lat'><strong>15.</strong></span> <span class='ocrx_word' id='word_1_8' title='bbox 449 563 518 591; x_wconf 81' lang='lat' dir='ltr'>God.</span> <span class='ocrx_word' id='word_1_9' title='bbox 540 564 794 599; x_wconf 81' lang='lat' dir='ltr'><strong>Guelfenbyteran.</strong></span> <span class='ocrx_word' id='word_1_10' title='bbox 816 562 888 592; x_wconf 80' lang='lat'>1433</span> <span class='ocrx_word' id='word_1_11' title='bbox 908 564 1129 599; x_wconf 79' lang='lat' dir='ltr'><strong>(Helmstadien.</strong></span> <span class='ocrx_word' id='word_1_12' title='bbox 1152 562 1245 600; x_wconf 82' lang='lat'>1320).</span> <span class='ocrx_word' id='word_1_13' title='bbox 1266 565 1299 591; x_wconf 93' lang='lat' dir='ltr'><strong>B.</strong></span> 
     </span>
    </p>
   </div>
   <div class='ocr_carea' id='block_1_4' title="bbox 262 281 783 324">
    <p class='ocr_par' dir='ltr' id='par_1_4' title="bbox 262 281 783 324">
     <span class='ocr_line' id='line_1_4' title="bbox 262 281 783 324; baseline 0.008 -12"><span class='ocrx_word' id='word_1_14' title='bbox 262 281 352 312; x_wconf 87' lang='lat' dir='ltr'><strong>Tunc</strong></span> <span class='ocrx_word' id='word_1_15' title='bbox 378 290 437 321; x_wconf 90' lang='lat' dir='ltr'><strong>per</strong></span> <span class='ocrx_word' id='word_1_16' title='bbox 462 282 621 315; x_wconf 84' lang='lat' dir='ltr'><strong>Christum</strong></span> <span class='ocrx_word' id='word_1_17' title='bbox 647 284 783 324; x_wconf 83' lang='lat' dir='ltr'>gloriose</span> 
     </span>
    </p>
   </div>
   <div class='ocr_carea' id='block_1_5' title="bbox 309 328 649 371">
    <p class='ocr_par' dir='ltr' id='par_1_5' title="bbox 309 328 649 371">
     <span class='ocr_line' id='line_1_5' title="bbox 309 328 649 371; baseline 0.012 -12"><span class='ocrx_word' id='word_1_18' title='bbox 309 328 419 360; x_wconf 87' lang='lat' dir='ltr'><strong>Vocati</strong></span> <span class='ocrx_word' id='word_1_19' title='bbox 444 329 485 361; x_wconf 89' lang='lat' dir='ltr'><strong>ad</strong></span> <span class='ocrx_word' id='word_1_20' title='bbox 511 333 649 371; x_wconf 85' lang='lat' dir='ltr'><strong>aeterna,</strong></span> 
     </span>
    </p>
   </div>
   <div class='ocr_carea' id='block_1_6' title="bbox 259 374 711 457">
    <p class='ocr_par' dir='ltr' id='par_1_6' title="bbox 259 374 711 457">
     <span class='ocr_line' id='line_1_6' title="bbox 262 374 711 410; baseline 0.007 -4"><span class='ocrx_word' id='word_1_21' title='bbox 262 374 397 407; x_wconf 89' lang='lat' dir='ltr'><strong>Demum</strong></span> <span class='ocrx_word' id='word_1_22' title='bbox 424 376 535 408; x_wconf 83' lang='lat' dir='ltr'><strong>crebre</strong></span> <span class='ocrx_word' id='word_1_23' title='bbox 559 378 711 410; x_wconf 87' lang='lat' dir='ltr'><strong>trucidati</strong></span> 
     </span>
     <span class='ocr_line' id='line_1_7' title="bbox 259 421 708 457; baseline 0.004 -4"><span class='ocrx_word' id='word_1_24' title='bbox 259 421 303 453; x_wconf 84' lang='lat' dir='ltr'><strong>Et.</strong></span> <span class='ocrx_word' id='word_1_25' title='bbox 327 423 369 455; x_wconf 88' lang='lat' dir='ltr'><strong>ad</strong></span> <span class='ocrx_word' id='word_1_26' title='bbox 393 425 526 455; x_wconf 88' lang='lat' dir='ltr'><strong>mortem</strong></span> <span class='ocrx_word' id='word_1_27' title='bbox 553 425 708 457; x_wconf 85' lang='lat' dir='ltr'><strong>vulnerati</strong></span> 
     </span>
    </p>
   </div>
   <div class='ocr_carea' id='block_1_7' title="bbox 307 469 666 510">
    <p class='ocr_par' dir='ltr' id='par_1_7' title="bbox 307 469 666 510">
     <span class='ocr_line' id='line_1_8' title="bbox 307 469 666 510; baseline 0.006 -9"><span class='ocrx_word' id='word_1_28' title='bbox 307 469 429 510; x_wconf 84' lang='lat' dir='ltr'><strong>Adepti</strong></span> <span class='ocrx_word' id='word_1_29' title='bbox 453 472 499 502; x_wconf 84' lang='lat' dir='ltr'><strong>sic</strong></span> <span class='ocrx_word' id='word_1_30' title='bbox 521 480 666 510; x_wconf 91' lang='lat' dir='ltr'><strong>superna.</strong></span> 
     </span>
    </p>
   </div>
   <div class='ocr_carea' id='block_1_8' title="bbox 880 237 1407 277">
    <p class='ocr_par' dir='ltr' id='par_1_8' title="bbox 880 237 1407 277">
     <span class='ocr_line' id='line_1_9' title="bbox 880 237 1407 277; baseline 0 -7"><span class='ocrx_word' id='word_1_31' title='bbox 880 239 912 270; x_wconf 90' lang='lat'><strong>4.</strong></span> <span class='ocrx_word' id='word_1_32' title='bbox 940 238 1054 270; x_wconf 88' lang='lat' dir='ltr'><strong>Vestra</strong></span> <span class='ocrx_word' id='word_1_33' title='bbox 1077 237 1131 277; x_wconf 88' lang='lat' dir='ltr'><strong>pia</strong></span> <span class='ocrx_word' id='word_1_34' title='bbox 1156 246 1238 268; x_wconf 89' lang='lat' dir='ltr'><strong>nunc</strong></span> <span class='ocrx_word' id='word_1_35' title='bbox 1262 237 1407 270; x_wconf 85' lang='lat' dir='ltr'><strong>doctrina</strong></span> 
     </span>
    </p>
   </div>
   <div class='ocr_carea' id='block_1_9' title="bbox 937 284 1295 316">
    <p class='ocr_par' dir='ltr' id='par_1_9' title="bbox 937 284 1295 316">
     <span class='ocr_line' id='line_1_10' title="bbox 937 284 1295 316; baseline 0.003 -1"><span class='ocrx_word' id='word_1_36' title='bbox 937 285 1000 316; x_wconf 92' lang='lat' dir='ltr'><strong>Die</strong></span> <span class='ocrx_word' id='word_1_37' title='bbox 1024 284 1135 316; x_wconf 88' lang='lat' dir='ltr'><strong>mortis</strong></span> <span class='ocrx_word' id='word_1_38' title='bbox 1159 293 1178 315; x_wconf 87' lang='lat' dir='ltr'><strong>a</strong></span> <span class='ocrx_word' id='word_1_39' title='bbox 1202 284 1295 316; x_wconf 86' lang='lat' dir='ltr'><strong>ruina</strong></span> 
     </span>
    </p>
   </div>
   <div class='ocr_carea' id='block_1_10' title="bbox 984 331 1377 371">
    <p class='ocr_par' dir='ltr' id='par_1_10' title="bbox 984 331 1377 371">
     <span class='ocr_line' id='line_1_11' title="bbox 984 331 1377 371; baseline -0.003 -8"><span class='ocrx_word' id='word_1_40' title='bbox 984 331 1049 363; x_wconf 89' lang='lat' dir='ltr'><strong>Det</strong></span> <span class='ocrx_word' id='word_1_41' title='bbox 1072 331 1162 363; x_wconf 87' lang='lat' dir='ltr'><strong>nobis</strong></span> <span class='ocrx_word' id='word_1_42' title='bbox 1187 331 1256 362; x_wconf 87' lang='lat' dir='ltr'><strong>sine</strong></span> <span class='ocrx_word' id='word_1_43' title='bbox 1280 340 1377 371; x_wconf 85' lang='lat' dir='ltr'><strong>mora,</strong></span> 
     </span>
    </p>
   </div>
   <div class='ocr_carea' id='block_1_11' title="bbox 935 378 1366 465">
    <p class='ocr_par' dir='ltr' id='par_1_11' title="bbox 935 378 1366 465">
     <span class='ocr_line' id='line_1_12' title="bbox 938 378 1350 411; baseline -0.002 -1"><span class='ocrx_word' id='word_1_44' title='bbox 938 378 987 411; x_wconf 89' lang='lat' dir='ltr'><strong>Ut</strong></span> <span class='ocrx_word' id='word_1_45' title='bbox 1009 387 1066 410; x_wconf 89' lang='lat' dir='ltr'><strong>nos</strong></span> <span class='ocrx_word' id='word_1_46' title='bbox 1092 378 1216 410; x_wconf 85' lang='lat' dir='ltr'><strong>bonitas</strong></span> <span class='ocrx_word' id='word_1_47' title='bbox 1243 378 1350 410; x_wconf 87' lang='lat' dir='ltr'><strong>divina</strong></span> 
     </span>
     <span class='ocr_line' id='line_1_13' title="bbox 935 425 1366 465; baseline 0 -8"><span class='ocrx_word' id='word_1_48' title='bbox 935 426 988 457; x_wconf 88' lang='lat' dir='ltr'><strong>Ad</strong></span> <span class='ocrx_word' id='word_1_49' title='bbox 1013 425 1129 465; x_wconf 85' lang='lat' dir='ltr'><strong>gaudia</strong></span> <span class='ocrx_word' id='word_1_50' title='bbox 1153 434 1226 457; x_wconf 82' lang='lat' dir='ltr'><strong>mox</strong></span> <span class='ocrx_word' id='word_1_51' title='bbox 1252 426 1366 464; x_wconf 86' lang='lat' dir='ltr'><strong>supina</strong></span> 
     </span>
    </p>
   </div>
   <div class='ocr_carea' id='block_1_12' title="bbox 986 472 1390 504">
    <p class='ocr_par' dir='ltr' id='par_1_12' title="bbox 986 472 1390 504">
     <span class='ocr_line' id='line_1_14' title="bbox 986 472 1390 504; baseline 0 -1"><span class='ocrx_word' id='word_1_52' title='bbox 986 472 1146 504; x_wconf 84' lang='lat' dir='ltr'><strong>Perducat</strong></span> <span class='ocrx_word' id='word_1_53' title='bbox 1169 473 1278 504; x_wconf 89' lang='lat' dir='ltr'><strong>mortis</strong></span> <span class='ocrx_word' id='word_1_54' title='bbox 1304 473 1390 503; x_wconf 86' lang='lat' dir='ltr'><strong>hora.</strong></span> 
     </span>
    </p>
   </div>
   <div class='ocr_carea' id='block_1_13' title="bbox 268 523 1480 560">
    <p class='ocr_par' dir='ltr' id='par_1_13' title="bbox 268 523 1480 560">
     <span class='ocr_line' id='line_1_15' title="bbox 268 523 1480 560; baseline 0.001 -8"><span class='ocrx_word' id='word_1_55' title='bbox 268 524 348 552; x_wconf 80' lang='lat' dir='ltr'><strong>Orat.</strong></span> <span class='ocrx_word' id='word_1_56' title='bbox 370 534 423 553; x_wconf 83' lang='lat' dir='ltr'><strong>ms.</strong></span> <span class='ocrx_word' id='word_1_57' title='bbox 445 523 630 554; x_wconf 82' lang='lat' dir='ltr'><strong>Garthusian.</strong></span> <span class='ocrx_word' id='word_1_58' title='bbox 653 535 728 554; x_wconf 73' lang='lat' dir='ltr'><strong>saec.</strong></span> <span class='ocrx_word' id='word_1_59' title='bbox 752 525 793 554; x_wconf 82' lang='lat'><strong>15.</strong></span> <span class='ocrx_word' id='word_1_60' title='bbox 835 527 904 554; x_wconf 79' lang='lat' dir='ltr'>God.</span> <span class='ocrx_word' id='word_1_61' title='bbox 926 528 1022 560; x_wconf 75' lang='lat' dir='ltr'><strong>Capit.</strong></span> <span class='ocrx_word' id='word_1_62' title='bbox 1041 527 1191 554; x_wconf 82' lang='lat' dir='ltr'><strong>Treviren.</strong></span> <span class='ocrx_word' id='word_1_63' title='bbox 1215 524 1276 554; x_wconf 90' lang='lat'>116.</span> <span class='ocrx_word' id='word_1_64' title='bbox 1297 527 1330 554; x_wconf 87' lang='lat' dir='ltr'><strong>A.</strong></span> <span class='ocrx_word' id='word_1_65' title='bbox 1360 541 1388 545; x_wconf 96' lang='lat'><strong>—</strong></span> <span class='ocrx_word' id='word_1_66' title='bbox 1409 527 1480 555; x_wconf 87' lang='lat' dir='ltr'><strong>Orat</strong></span> 
     </span>
    </p>
   </div>
   <div class='ocr_carea' id='block_1_14' title="bbox 1375 547 1488 597">
    <p class='ocr_par' dir='ltr' id='par_1_14' title="bbox 1375 547 1488 597">
     <span class='ocr_line' id='line_1_16' title="bbox 1375 547 1488 597; baseline -0.009 -6"><span class='ocrx_word' id='word_1_67' title='bbox 1375 547 1488 597; x_wconf 52' lang='lat' dir='ltr'><strong>Llo&#39;</strong></span> 
     </span>
    </p>
   </div>
   <div class='ocr_carea' id='block_1_15' title="bbox 192 599 1468 635">
    <p class='ocr_par' dir='ltr' id='par_1_15' title="bbox 192 599 1468 635">
     <span class='ocr_line' id='line_1_17' title="bbox 192 599 1468 635; baseline 0.001 -9"><span class='ocrx_word' id='word_1_68' title='bbox 192 599 302 633; x_wconf 74' lang='lat' dir='ltr'><strong>Simon,</strong></span> <span class='ocrx_word' id='word_1_69' title='bbox 323 600 397 627; x_wconf 89' lang='lat' dir='ltr'><strong>Iuda</strong></span> <span class='ocrx_word' id='word_1_70' title='bbox 415 601 448 628; x_wconf 94' lang='lat' dir='ltr'><strong>B.</strong></span> <span class='ocrx_word' id='word_1_71' title='bbox 469 615 505 619; x_wconf 97' lang='lat'><strong>—</strong></span> <span class='ocrx_word' id='word_1_72' title='bbox 526 599 552 635; x_wconf 89' lang='lat'><strong>2,</strong></span> <span class='ocrx_word' id='word_1_73' title='bbox 576 599 589 628; x_wconf 98' lang='lat'>1</span> <span class='ocrx_word' id='word_1_74' title='bbox 611 601 714 629; x_wconf 80' lang='lat' dir='ltr'><strong>Multis</strong></span> <span class='ocrx_word' id='word_1_75' title='bbox 735 602 768 629; x_wconf 91' lang='lat' dir='ltr'><strong>B.</strong></span> <span class='ocrx_word' id='word_1_76' title='bbox 789 617 825 621; x_wconf 92' lang='lat'>—</span> <span class='ocrx_word' id='word_1_77' title='bbox 846 600 871 634; x_wconf 85' lang='lat'><strong>2,</strong></span> <span class='ocrx_word' id='word_1_78' title='bbox 891 600 911 629; x_wconf 84' lang='lat'>4</span> <span class='ocrx_word' id='word_1_79' title='bbox 929 602 1057 629; x_wconf 85' lang='lat' dir='ltr'><strong>Persidis</strong></span> <span class='ocrx_word' id='word_1_80' title='bbox 1078 602 1112 634; x_wconf 90' lang='lat' dir='ltr'><strong>A,</strong></span> <span class='ocrx_word' id='word_1_81' title='bbox 1126 603 1159 629; x_wconf 88' lang='lat' dir='ltr'><strong>B.</strong></span> <span class='ocrx_word' id='word_1_82' title='bbox 1180 616 1216 620; x_wconf 92' lang='lat'>—</span> <span class='ocrx_word' id='word_1_83' title='bbox 1236 600 1262 635; x_wconf 88' lang='lat'><strong>4,</strong></span> <span class='ocrx_word' id='word_1_84' title='bbox 1285 600 1301 628; x_wconf 85' lang='lat'>2</span> <span class='ocrx_word' id='word_1_85' title='bbox 1322 610 1356 628; x_wconf 86' lang='lat' dir='ltr'><strong>ac</strong></span> <span class='ocrx_word' id='word_1_86' title='bbox 1376 603 1468 629; x_wconf 85' lang='lat' dir='ltr'><strong>ruina.</strong></span> 
     </span>
    </p>
   </div>
   <div class='ocr_carea' id='block_1_16' title="bbox 205 1173 258 1206">
    <p class='ocr_par' dir='ltr' id='par_1_16' title="bbox 205 1173 258 1206">
     <span class='ocr_line' id='line_1_18' title="bbox 205 1173 258 1206; baseline 0.019 -1"><span class='ocrx_word' id='word_1_87' title='bbox 205 1173 258 1206; x_wconf 91' lang='lat'><strong>10.</strong></span> 
     </span>
    </p>
   </div>
   <div class='ocr_carea' id='block_1_17' title="bbox 202 1409 255 1441">
    <p class='ocr_par' dir='ltr' id='par_1_17' title="bbox 202 1409 255 1441">
     <span class='ocr_line' id='line_1_19' title="bbox 202 1409 255 1441; baseline 0 -1"><span class='ocrx_word' id='word_1_88' title='bbox 202 1409 255 1441; x_wconf 87' lang='lat'><strong>15.</strong></span> 
     </span>
    </p>
   </div>
   <div class='ocr_carea' id='block_1_18' title="bbox 200 1646 255 1678">
    <p class='ocr_par' dir='ltr' id='par_1_18' title="bbox 200 1646 255 1678">
     <span class='ocr_line' id='line_1_20' title="bbox 200 1646 255 1678; baseline 0.036 -2"><span class='ocrx_word' id='word_1_89' title='bbox 200 1646 255 1678; x_wconf 83' lang='lat'><strong>20.</strong></span> 
     </span>
    </p>
   </div>
   <div class='ocr_carea' id='block_1_19' title="bbox 196 2120 250 2151">
    <p class='ocr_par' dir='ltr' id='par_1_19' title="bbox 196 2120 250 2151">
     <span class='ocr_line' id='line_1_21' title="bbox 196 2120 250 2151; baseline 0 0"><span class='ocrx_word' id='word_1_90' title='bbox 196 2120 250 2151; x_wconf 85' lang='lat'><strong>30.</strong></span> 
     </span>
    </p>
   </div>
   <div class='ocr_carea' id='block_1_20' title="bbox 633 691 1046 730">
    <p class='ocr_par' dir='ltr' id='par_1_20' title="bbox 633 691 1046 730">
     <span class='ocr_line' id='line_1_22' title="bbox 633 691 1046 730; baseline -0.002 -8"><span class='ocrx_word' id='word_1_91' title='bbox 633 692 700 724; x_wconf 86' lang='lat'>324.</span> <span class='ocrx_word' id='word_1_92' title='bbox 730 693 773 723; x_wconf 89' lang='lat' dir='ltr'><strong>De</strong></span> <span class='ocrx_word' id='word_1_93' title='bbox 794 692 904 722; x_wconf 78' lang='lat' dir='ltr'><strong>saneta</strong></span> <span class='ocrx_word' id='word_1_94' title='bbox 923 691 1046 730; x_wconf 84' lang='lat' dir='ltr'>Sophia.</span> 
     </span>
    </p>
   </div>
   <div class='ocr_carea' id='block_1_21' title="bbox 285 750 732 933">
    <p class='ocr_par' dir='ltr' id='par_1_21' title="bbox 285 750 724 842">
     <span class='ocr_line' id='line_1_23' title="bbox 287 750 724 792; baseline 0.007 -11"><span class='ocrx_word' id='word_1_95' title='bbox 287 750 390 790; x_wconf 85' lang='lat' dir='ltr'><strong>Salve,</strong></span> <span class='ocrx_word' id='word_1_96' title='bbox 418 753 528 783; x_wconf 86' lang='lat' dir='ltr'><strong>sancta</strong></span> <span class='ocrx_word' id='word_1_97' title='bbox 551 760 568 783; x_wconf 93' lang='lat' dir='ltr'><strong>o</strong></span> <span class='ocrx_word' id='word_1_98' title='bbox 595 751 724 792; x_wconf 79' lang='lat' dir='ltr'><strong>Sophia,</strong></span> 
     </span>
     <span class='ocr_line' id='line_1_24' title="bbox 285 796 702 842; baseline 0.007 -14"><span class='ocrx_word' id='word_1_99' title='bbox 285 796 433 829; x_wconf 80' lang='lat' dir='ltr'><strong>Matrona</strong></span> <span class='ocrx_word' id='word_1_100' title='bbox 461 798 561 830; x_wconf 86' lang='lat' dir='ltr'><strong>dulcis</strong></span> <span class='ocrx_word' id='word_1_101' title='bbox 587 802 619 830; x_wconf 84' lang='lat' dir='ltr'><strong>et</strong></span> <span class='ocrx_word' id='word_1_102' title='bbox 639 800 702 842; x_wconf 89' lang='lat' dir='ltr'><strong>pia,</strong></span> 
     </span>
    </p>

    <p class='ocr_par' dir='ltr' id='par_1_22' title="bbox 285 844 732 933">
     <span class='ocr_line' id='line_1_25' title="bbox 285 844 732 882; baseline 0.009 -8"><span class='ocrx_word' id='word_1_103' title='bbox 285 844 371 882; x_wconf 84' lang='lat' dir='ltr'><strong>Quae</strong></span> <span class='ocrx_word' id='word_1_104' title='bbox 395 845 528 876; x_wconf 86' lang='lat' dir='ltr'><strong>virtutes</strong></span> <span class='ocrx_word' id='word_1_105' title='bbox 555 846 732 878; x_wconf 82' lang='lat' dir='ltr'><strong>cardinales</strong></span> 
     </span>
     <span class='ocr_line' id='line_1_26' title="bbox 287 891 728 933; baseline 0.007 -11"><span class='ocrx_word' id='word_1_106' title='bbox 287 891 412 923; x_wconf 86' lang='lat' dir='ltr'><strong>Sanctis</strong></span> <span class='ocrx_word' id='word_1_107' title='bbox 437 892 556 932; x_wconf 84' lang='lat' dir='ltr'><strong>angelis</strong></span> <span class='ocrx_word' id='word_1_108' title='bbox 582 894 728 933; x_wconf 81' lang='lat' dir='ltr'><strong>aequales</strong></span> 
     </span>
    </p>
   </div>
   <div class='ocr_carea' id='block_1_22' title="bbox 255 938 726 979">
    <p class='ocr_par' dir='ltr' id='par_1_23' title="bbox 255 938 726 979">
     <span class='ocr_line' id='line_1_27' title="bbox 255 938 726 979; baseline 0.004 -10"><span class='ocrx_word' id='word_1_109' title='bbox 255 963 261 969; x_wconf 98' lang='lat'><strong>.</strong></span> <span class='ocrx_word' id='word_1_110' title='bbox 290 938 416 971; x_wconf 90' lang='lat' dir='ltr'><strong>Christo</strong></span> <span class='ocrx_word' id='word_1_111' title='bbox 441 947 557 978; x_wconf 87' lang='lat' dir='ltr'><strong>sponso</strong></span> <span class='ocrx_word' id='word_1_112' title='bbox 582 941 726 979; x_wconf 73' lang='lat' dir='ltr'><strong>genuisti,</strong></span> 
     </span>
    </p>
   </div>
   <div class='ocr_carea' id='block_1_23' title="bbox 281 984 796 1912">
    <p class='ocr_par' dir='ltr' id='par_1_24' title="bbox 284 984 796 1259">
     <span class='ocr_line' id='line_1_28' title="bbox 288 984 703 1029; baseline 0.005 -14"><span class='ocrx_word' id='word_1_113' title='bbox 288 984 370 1023; x_wconf 81' lang='lat' dir='ltr'><strong>Quas</strong></span> <span class='ocrx_word' id='word_1_114' title='bbox 396 985 508 1016; x_wconf 86' lang='lat' dir='ltr'><strong>timore</strong></span> <span class='ocrx_word' id='word_1_115' title='bbox 532 987 703 1029; x_wconf 84' lang='lat' dir='ltr'><strong>nutrivisti,</strong></span> 
     </span>
     <span class='ocr_line' id='line_1_29' title="bbox 286 1030 796 1073; baseline 0.006 -11"><span class='ocrx_word' id='word_1_116' title='bbox 286 1031 408 1072; x_wconf 86' lang='lat' dir='ltr'><strong>Fidem,</strong></span> <span class='ocrx_word' id='word_1_117' title='bbox 435 1030 530 1071; x_wconf 86' lang='lat' dir='ltr'><strong>Spem</strong></span> <span class='ocrx_word' id='word_1_118' title='bbox 557 1036 589 1064; x_wconf 89' lang='lat' dir='ltr'><strong>et</strong></span> <span class='ocrx_word' id='word_1_119' title='bbox 614 1033 796 1073; x_wconf 85' lang='lat' dir='ltr'><strong>Caritatem,</strong></span> 
     </span>
     <span class='ocr_line' id='line_1_30' title="bbox 286 1078 768 1120; baseline 0.006 -11"><span class='ocrx_word' id='word_1_120' title='bbox 286 1078 372 1116; x_wconf 88' lang='lat' dir='ltr'><strong>Quae</strong></span> <span class='ocrx_word' id='word_1_121' title='bbox 400 1078 537 1110; x_wconf 81' lang='lat' dir='ltr'><strong>oderunt,</strong></span> <span class='ocrx_word' id='word_1_122' title='bbox 559 1080 768 1120; x_wconf 75' lang='lat' dir='ltr'><strong>pravitatem,</strong></span> 
     </span>
     <span class='ocr_line' id='line_1_31' title="bbox 284 1125 730 1167; baseline 0.007 -11"><span class='ocrx_word' id='word_1_123' title='bbox 284 1125 367 1164; x_wconf 80' lang='lat' dir='ltr'><strong>Quas</strong></span> <span class='ocrx_word' id='word_1_124' title='bbox 393 1126 537 1166; x_wconf 84' lang='lat' dir='ltr'><strong>exposcit</strong></span> <span class='ocrx_word' id='word_1_125' title='bbox 559 1127 730 1167; x_wconf 82' lang='lat' dir='ltr'><strong>Adrianus,</strong></span> 
     </span>
     <span class='ocr_line' id='line_1_32' title="bbox 287 1173 749 1214; baseline 0.004 -11"><span class='ocrx_word' id='word_1_126' title='bbox 287 1173 396 1204; x_wconf 86' lang='lat' dir='ltr'><strong>Mente</strong></span> <span class='ocrx_word' id='word_1_127' title='bbox 421 1181 530 1204; x_wconf 89' lang='lat' dir='ltr'><strong>vecors</strong></span> <span class='ocrx_word' id='word_1_128' title='bbox 556 1177 588 1205; x_wconf 89' lang='lat' dir='ltr'><strong>et</strong></span> <span class='ocrx_word' id='word_1_129' title='bbox 610 1174 749 1214; x_wconf 88' lang='lat' dir='ltr'><strong>insanus,</strong></span> 
     </span>
     <span class='ocr_line' id='line_1_33' title="bbox 285 1220 714 1259; baseline 0.007 -9"><span class='ocrx_word' id='word_1_130' title='bbox 285 1220 423 1258; x_wconf 84' lang='lat' dir='ltr'><strong>Propter</strong></span> <span class='ocrx_word' id='word_1_131' title='bbox 446 1220 714 1259; x_wconf 85' lang='lat' dir='ltr'><strong>pulchritudinem</strong></span> 
     </span>
    </p>

    <p class='ocr_par' dir='ltr' id='par_1_25' title="bbox 286 1266 599 1299">
     <span class='ocr_line' id='line_1_34' title="bbox 286 1266 599 1299; baseline 0.003 -1"><span class='ocrx_word' id='word_1_132' title='bbox 286 1266 330 1298; x_wconf 87' lang='lat' dir='ltr'><strong>Et</strong></span> <span class='ocrx_word' id='word_1_133' title='bbox 354 1267 599 1299; x_wconf 83' lang='lat' dir='ltr'><strong>teneritudinem</strong></span> 
     </span>
    </p>

    <p class='ocr_par' dir='ltr' id='par_1_26' title="bbox 285 1312 610 1354">
     <span class='ocr_line' id='line_1_35' title="bbox 285 1312 610 1354; baseline 0.006 -10"><span class='ocrx_word' id='word_1_134' title='bbox 285 1314 322 1345; x_wconf 92' lang='lat' dir='ltr'><strong>In</strong></span> <span class='ocrx_word' id='word_1_135' title='bbox 349 1312 430 1345; x_wconf 89' lang='lat' dir='ltr'><strong>filias</strong></span> <span class='ocrx_word' id='word_1_136' title='bbox 457 1315 610 1354; x_wconf 84' lang='lat' dir='ltr'><strong>adoptare</strong></span> 
     </span>
    </p>

    <p class='ocr_par' dir='ltr' id='par_1_27' title="bbox 283 1360 646 1400">
     <span class='ocr_line' id='line_1_36' title="bbox 283 1360 646 1400; baseline 0.006 -9"><span class='ocrx_word' id='word_1_137' title='bbox 283 1360 328 1392; x_wconf 80' lang='lat' dir='ltr'><strong>Et,</strong></span> <span class='ocrx_word' id='word_1_138' title='bbox 352 1361 489 1400; x_wconf 85' lang='lat' dir='ltr'><strong>maligno</strong></span> <span class='ocrx_word' id='word_1_139' title='bbox 515 1362 646 1393; x_wconf 87' lang='lat' dir='ltr'><strong>sociare.</strong></span> 
     </span>
    </p>

    <p class='ocr_par' dir='ltr' id='par_1_28' title="bbox 284 1407 714 1447">
     <span class='ocr_line' id='line_1_37' title="bbox 284 1407 714 1447; baseline 0.005 -9"><span class='ocrx_word' id='word_1_140' title='bbox 284 1407 380 1446; x_wconf 89' lang='lat' dir='ltr'><strong>Quem</strong></span> <span class='ocrx_word' id='word_1_141' title='bbox 407 1408 479 1447; x_wconf 87' lang='lat' dir='ltr'><strong>piae</strong></span> <span class='ocrx_word' id='word_1_142' title='bbox 503 1412 568 1440; x_wconf 87' lang='lat' dir='ltr'><strong>tres</strong></span> <span class='ocrx_word' id='word_1_143' title='bbox 590 1418 714 1441; x_wconf 88' lang='lat' dir='ltr'><strong>sorores</strong></span> 
     </span>
    </p>

    <p class='ocr_par' dir='ltr' id='par_1_29' title="bbox 283 1454 792 1685">
     <span class='ocr_line' id='line_1_38' title="bbox 285 1454 634 1488; baseline 0.006 -2"><span class='ocrx_word' id='word_1_144' title='bbox 285 1454 327 1486; x_wconf 87' lang='lat' dir='ltr'><strong>Ut</strong></span> <span class='ocrx_word' id='word_1_145' title='bbox 355 1455 516 1487; x_wconf 87' lang='lat' dir='ltr'><strong>candidati</strong></span> <span class='ocrx_word' id='word_1_146' title='bbox 540 1454 634 1488; x_wconf 88' lang='lat' dir='ltr'><strong>fiores</strong></span> 
     </span>
     <span class='ocr_line' id='line_1_39' title="bbox 283 1501 680 1535; baseline 0.005 -2"><span class='ocrx_word' id='word_1_147' title='bbox 283 1502 445 1534; x_wconf 82' lang='lat' dir='ltr'><strong>Recusant</strong></span> <span class='ocrx_word' id='word_1_148' title='bbox 469 1505 503 1534; x_wconf 89' lang='lat' dir='ltr'><strong>ut</strong></span> <span class='ocrx_word' id='word_1_149' title='bbox 528 1501 680 1535; x_wconf 85' lang='lat' dir='ltr'><strong>foetorem</strong></span> 
     </span>
     <span class='ocr_line' id='line_1_40' title="bbox 283 1548 762 1584; baseline 0.006 -4"><span class='ocrx_word' id='word_1_150' title='bbox 283 1548 461 1581; x_wconf 86' lang='lat' dir='ltr'><strong>Secundum</strong></span> <span class='ocrx_word' id='word_1_151' title='bbox 488 1553 606 1582; x_wconf 85' lang='lat' dir='ltr'><strong>castum</strong></span> <span class='ocrx_word' id='word_1_152' title='bbox 632 1559 762 1584; x_wconf 90' lang='lat' dir='ltr'><strong>morem.</strong></span> 
     </span>
     <span class='ocr_line' id='line_1_41' title="bbox 284 1596 792 1637; baseline 0.006 -10"><span class='ocrx_word' id='word_1_153' title='bbox 284 1596 375 1627; x_wconf 89' lang='lat' dir='ltr'><strong>Tunc</strong></span> <span class='ocrx_word' id='word_1_154' title='bbox 399 1596 497 1628; x_wconf 87' lang='lat' dir='ltr'><strong>Fides</strong></span> <span class='ocrx_word' id='word_1_155' title='bbox 523 1597 609 1629; x_wconf 90' lang='lat' dir='ltr'><strong>iussu</strong></span> <span class='ocrx_word' id='word_1_156' title='bbox 635 1599 792 1637; x_wconf 88' lang='lat' dir='ltr'><strong>praesidis</strong></span> 
     </span>
     <span class='ocr_line' id='line_1_42' title="bbox 283 1643 715 1685; baseline 0.005 -11"><span class='ocrx_word' id='word_1_157' title='bbox 283 1643 353 1675; x_wconf 84' lang='lat' dir='ltr'><strong>Suis</strong></span> <span class='ocrx_word' id='word_1_158' title='bbox 379 1644 531 1683; x_wconf 82' lang='lat' dir='ltr'><strong>praecisis</strong></span> <span class='ocrx_word' id='word_1_159' title='bbox 557 1645 715 1685; x_wconf 90' lang='lat' dir='ltr'><strong>mamillis,</strong></span> 
     </span>
    </p>

    <p class='ocr_par' dir='ltr' id='par_1_30' title="bbox 281 1691 643 1730">
     <span class='ocr_line' id='line_1_43' title="bbox 281 1691 643 1730; baseline 0.006 -9"><span class='ocrx_word' id='word_1_160' title='bbox 281 1692 310 1722; x_wconf 87' lang='lat' dir='ltr'>A</span> <span class='ocrx_word' id='word_1_161' title='bbox 336 1691 467 1730; x_wconf 81' lang='lat' dir='ltr'><strong>triginta</strong></span> <span class='ocrx_word' id='word_1_162' title='bbox 491 1692 643 1723; x_wconf 88' lang='lat' dir='ltr'><strong>militibus</strong></span> 
     </span>
    </p>

    <p class='ocr_par' dir='ltr' id='par_1_31' title="bbox 281 1737 759 1912">
     <span class='ocr_line' id='line_1_44' title="bbox 284 1737 759 1780; baseline 0.004 -10"><span class='ocrx_word' id='word_1_163' title='bbox 284 1737 393 1777; x_wconf 85' lang='lat' dir='ltr'><strong>Caesa,</strong></span> <span class='ocrx_word' id='word_1_164' title='bbox 418 1738 542 1777; x_wconf 87' lang='lat' dir='ltr'><strong>repleta</strong></span> <span class='ocrx_word' id='word_1_165' title='bbox 566 1740 759 1780; x_wconf 88' lang='lat' dir='ltr'><strong>vulneribus,</strong></span> 
     </span>
     <span class='ocr_line' id='line_1_45' title="bbox 281 1784 759 1827; baseline 0.002 -10"><span class='ocrx_word' id='word_1_166' title='bbox 281 1785 349 1817; x_wconf 88' lang='lat' dir='ltr'><strong>Lac</strong></span> <span class='ocrx_word' id='word_1_167' title='bbox 373 1784 475 1816; x_wconf 85' lang='lat' dir='ltr'><strong>stillat</strong></span> <span class='ocrx_word' id='word_1_168' title='bbox 501 1786 540 1817; x_wconf 86' lang='lat' dir='ltr'><strong>dc</strong></span> <span class='ocrx_word' id='word_1_169' title='bbox 565 1786 759 1827; x_wconf 88' lang='lat' dir='ltr'><strong>vulneribus,</strong></span> 
     </span>
     <span class='ocr_line' id='line_1_46' title="bbox 283 1832 759 1874; baseline 0.004 -10"><span class='ocrx_word' id='word_1_170' title='bbox 283 1832 348 1864; x_wconf 86' lang='lat' dir='ltr'><strong>Dat</strong></span> <span class='ocrx_word' id='word_1_171' title='bbox 372 1832 498 1863; x_wconf 86' lang='lat' dir='ltr'><strong>laudem</strong></span> <span class='ocrx_word' id='word_1_172' title='bbox 524 1832 593 1865; x_wconf 91' lang='lat' dir='ltr'><strong>Deo</strong></span> <span class='ocrx_word' id='word_1_173' title='bbox 614 1834 759 1874; x_wconf 85' lang='lat' dir='ltr'><strong>populus¹</strong></span> 
     </span>
     <span class='ocr_line' id='line_1_47' title="bbox 283 1879 717 1912; baseline 0.002 -1"><span class='ocrx_word' id='word_1_174' title='bbox 283 1879 410 1911; x_wconf 85' lang='lat' dir='ltr'><strong>Gaudet</strong></span> <span class='ocrx_word' id='word_1_175' title='bbox 434 1879 532 1912; x_wconf 89' lang='lat' dir='ltr'><strong>Fides</strong></span> <span class='ocrx_word' id='word_1_176' title='bbox 558 1883 589 1911; x_wconf 86' lang='lat' dir='ltr'><strong>et</strong></span> <span class='ocrx_word' id='word_1_177' title='bbox 613 1879 717 1912; x_wconf 90' lang='lat' dir='ltr'><strong>fidelis</strong></span> 
     </span>
    </p>
   </div>
   <div class='ocr_carea' id='block_1_24' title="bbox 279 1926 806 1961">
    <p class='ocr_par' dir='ltr' id='par_1_32' title="bbox 279 1926 806 1961">
     <span class='ocr_line' id='line_1_48' title="bbox 279 1926 806 1961; baseline 0.006 -3"><span class='ocrx_word' id='word_1_178' title='bbox 279 1927 407 1959; x_wconf 84' lang='lat' dir='ltr'><strong>Laudat</strong></span> <span class='ocrx_word' id='word_1_179' title='bbox 429 1926 600 1959; x_wconf 88' lang='lat' dir='ltr'><strong>Dominum</strong></span> <span class='ocrx_word' id='word_1_180' title='bbox 636 1929 675 1960; x_wconf 92' lang='lat' dir='ltr'><strong>de</strong></span> <span class='ocrx_word' id='word_1_181' title='bbox 700 1928 806 1961; x_wconf 86' lang='lat' dir='ltr'><strong>caelis.</strong></span> 
     </span>
    </p>
   </div>
   <div class='ocr_carea' id='block_1_25' title="bbox 277 1974 790 2349">
    <p class='ocr_par' dir='ltr' id='par_1_33' title="bbox 279 1974 790 2111">
     <span class='ocr_line' id='line_1_49' title="bbox 279 1974 744 2016; baseline 0.004 -11"><span class='ocrx_word' id='word_1_182' title='bbox 279 1975 316 2006; x_wconf 92' lang='lat' dir='ltr'><strong>In</strong></span> <span class='ocrx_word' id='word_1_183' title='bbox 342 1974 527 2006; x_wconf 77' lang='lat' dir='ltr'><strong>craticulam</strong></span> <span class='ocrx_word' id='word_1_184' title='bbox 553 1976 744 2016; x_wconf 76' lang='lat' dir='ltr'><strong>extenditur,</strong></span> 
     </span>
     <span class='ocr_line' id='line_1_50' title="bbox 279 2021 790 2064; baseline 0.002 -11"><span class='ocrx_word' id='word_1_185' title='bbox 279 2021 329 2054; x_wconf 91' lang='lat' dir='ltr'><strong>De</strong></span> <span class='ocrx_word' id='word_1_186' title='bbox 354 2031 416 2061; x_wconf 87' lang='lat' dir='ltr'><strong>qua</strong></span> <span class='ocrx_word' id='word_1_187' title='bbox 439 2022 551 2054; x_wconf 87' lang='lat' dir='ltr'><strong>illaesa</strong></span> <span class='ocrx_word' id='word_1_188' title='bbox 574 2023 790 2064; x_wconf 85' lang='lat' dir='ltr'><strong>progreditur,</strong></span> 
     </span>
     <span class='ocr_line' id='line_1_51' title="bbox 280 2069 615 2111; baseline 0.003 -10"><span class='ocrx_word' id='word_1_189' title='bbox 280 2069 449 2111; x_wconf 86' lang='lat' dir='ltr'><strong>Sartagine</strong></span> <span class='ocrx_word' id='word_1_190' title='bbox 473 2070 615 2102; x_wconf 82' lang='lat' dir='ltr'><strong>volutata</strong></span> 
     </span>
    </p>

    <p class='ocr_par' dir='ltr' id='par_1_34' title="bbox 279 2117 671 2158">
     <span class='ocr_line' id='line_1_52' title="bbox 279 2117 671 2158; baseline -0.003 -8"><span class='ocrx_word' id='word_1_191' title='bbox 279 2117 379 2150; x_wconf 88' lang='lat' dir='ltr'><strong>Fides</strong></span> <span class='ocrx_word' id='word_1_192' title='bbox 405 2120 512 2148; x_wconf 85' lang='lat' dir='ltr'><strong>manet</strong></span> <span class='ocrx_word' id='word_1_193' title='bbox 536 2117 671 2158; x_wconf 86' lang='lat' dir='ltr'><strong>illibata,</strong></span> 
     </span>
    </p>

    <p class='ocr_par' dir='ltr' id='par_1_35' title="bbox 279 2163 652 2205">
     <span class='ocr_line' id='line_1_53' title="bbox 279 2163 652 2205; baseline -0.005 -7"><span class='ocrx_word' id='word_1_194' title='bbox 279 2165 355 2198; x_wconf 90' lang='lat' dir='ltr'><strong>Oleo</strong></span> <span class='ocrx_word' id='word_1_195' title='bbox 381 2167 413 2195; x_wconf 88' lang='lat' dir='ltr'><strong>et</strong></span> <span class='ocrx_word' id='word_1_196' title='bbox 436 2163 652 2205; x_wconf 89' lang='lat' dir='ltr'><strong>perfunditur,</strong></span> 
     </span>
    </p>

    <p class='ocr_par' dir='ltr' id='par_1_36' title="bbox 277 2211 775 2349">
     <span class='ocr_line' id='line_1_54' title="bbox 277 2211 773 2246; baseline 0 -2"><span class='ocrx_word' id='word_1_197' title='bbox 277 2213 345 2245; x_wconf 87' lang='lat' dir='ltr'><strong>Nec</strong></span> <span class='ocrx_word' id='word_1_198' title='bbox 368 2211 467 2244; x_wconf 88' lang='lat' dir='ltr'><strong>Fides</strong></span> <span class='ocrx_word' id='word_1_199' title='bbox 487 2212 534 2244; x_wconf 90' lang='lat' dir='ltr'><strong>sic</strong></span> <span class='ocrx_word' id='word_1_200' title='bbox 560 2211 773 2246; x_wconf 88' lang='lat' dir='ltr'><strong>confunditur.</strong></span> 
     </span>
     <span class='ocr_line' id='line_1_55' title="bbox 277 2260 768 2293; baseline 0 0"><span class='ocrx_word' id='word_1_201' title='bbox 277 2262 355 2293; x_wconf 84' lang='lat' dir='ltr'><strong>Post</strong></span> <span class='ocrx_word' id='word_1_202' title='bbox 379 2260 458 2291; x_wconf 89' lang='lat' dir='ltr'><strong>haec</strong></span> <span class='ocrx_word' id='word_1_203' title='bbox 482 2262 584 2292; x_wconf 83' lang='lat' dir='ltr'><strong>mater</strong></span> <span class='ocrx_word' id='word_1_204' title='bbox 611 2260 768 2293; x_wconf 89' lang='lat' dir='ltr'><strong>decollata</strong></span> 
     </span>
     <span class='ocr_line' id='line_1_56' title="bbox 279 2307 775 2349; baseline 0.006 -9"><span class='ocrx_word' id='word_1_205' title='bbox 279 2308 372 2347; x_wconf 80' lang='lat' dir='ltr'><strong>Capit</strong></span> <span class='ocrx_word' id='word_1_206' title='bbox 398 2308 559 2341; x_wconf 88' lang='lat' dir='ltr'><strong>Christum</strong></span> <span class='ocrx_word' id='word_1_207' title='bbox 584 2307 649 2340; x_wconf 92' lang='lat' dir='ltr'><strong>fide</strong></span> <span class='ocrx_word' id='word_1_208' title='bbox 673 2311 775 2349; x_wconf 86' lang='lat' dir='ltr'><strong>grata.</strong></span> 
     </span>
    </p>
   </div>
   <div class='ocr_carea' id='block_1_26' title="bbox 242 2355 802 2396">
    <p class='ocr_par' dir='ltr' id='par_1_37' title="bbox 242 2355 802 2396">
     <span class='ocr_line' id='line_1_57' title="bbox 242 2355 802 2396; baseline 0.002 -10"><span class='ocrx_word' id='word_1_209' title='bbox 242 2381 250 2389; x_wconf 85' lang='lat'><strong>.</strong></span> <span class='ocrx_word' id='word_1_210' title='bbox 276 2355 366 2390; x_wconf 76' lang='lat' dir='ltr'><strong>Tunc</strong></span> <span class='ocrx_word' id='word_1_211' title='bbox 391 2363 483 2387; x_wconf 86' lang='lat' dir='ltr'><strong>sacra</strong></span> <span class='ocrx_word' id='word_1_212' title='bbox 501 2355 580 2395; x_wconf 86' lang='lat' dir='ltr'><strong>Spes</strong></span> <span class='ocrx_word' id='word_1_213' title='bbox 606 2356 802 2396; x_wconf 88' lang='lat' dir='ltr'><strong>producitur,</strong></span> 
     </span>
    </p>
   </div>
   <div class='ocr_carea' id='block_1_27' title="bbox 279 2401 653 2442">
    <p class='ocr_par' dir='ltr' id='par_1_38' title="bbox 279 2401 653 2442">
     <span class='ocr_line' id='line_1_58' title="bbox 279 2401 653 2442; baseline 0.003 -9"><span class='ocrx_word' id='word_1_214' title='bbox 279 2401 330 2433; x_wconf 87' lang='lat' dir='ltr'><strong>Ab</strong></span> <span class='ocrx_word' id='word_1_215' title='bbox 354 2402 472 2442; x_wconf 89' lang='lat' dir='ltr'><strong>iniquis</strong></span> <span class='ocrx_word' id='word_1_216' title='bbox 497 2403 653 2442; x_wconf 84' lang='lat' dir='ltr'><strong>illuditur,</strong></span> 
     </span>
    </p>
   </div>
   <div class='ocr_carea' id='block_1_28' title="bbox 963 752 1428 889">
    <p class='ocr_par' dir='ltr' id='par_1_39' title="bbox 963 752 1428 889">
     <span class='ocr_line' id='line_1_59' title="bbox 964 752 1362 792; baseline 0 -9"><span class='ocrx_word' id='word_1_217' title='bbox 964 752 999 783; x_wconf 94' lang='lat' dir='ltr'><strong>In</strong></span> <span class='ocrx_word' id='word_1_218' title='bbox 1025 752 1184 792; x_wconf 85' lang='lat' dir='ltr'><strong>sartagine</strong></span> <span class='ocrx_word' id='word_1_219' title='bbox 1208 752 1362 791; x_wconf 85' lang='lat' dir='ltr'><strong>proicitur</strong></span> 
     </span>
     <span class='ocr_line' id='line_1_60' title="bbox 963 798 1428 839; baseline 0 -9"><span class='ocrx_word' id='word_1_220' title='bbox 963 798 1016 830; x_wconf 87' lang='lat' dir='ltr'><strong>Sic</strong></span> <span class='ocrx_word' id='word_1_221' title='bbox 1040 802 1072 830; x_wconf 87' lang='lat' dir='ltr'><strong>et</strong></span> <span class='ocrx_word' id='word_1_222' title='bbox 1096 799 1191 838; x_wconf 89' lang='lat' dir='ltr'><strong>adipe</strong></span> <span class='ocrx_word' id='word_1_223' title='bbox 1217 798 1428 839; x_wconf 85' lang='lat' dir='ltr'><strong>perfunditur,</strong></span> 
     </span>
     <span class='ocr_line' id='line_1_61' title="bbox 963 846 1400 889; baseline 0 -12"><span class='ocrx_word' id='word_1_224' title='bbox 963 846 1053 889; x_wconf 86' lang='lat' dir='ltr'><strong>Cera,</strong></span> <span class='ocrx_word' id='word_1_225' title='bbox 1079 846 1184 877; x_wconf 88' lang='lat' dir='ltr'><strong>resina</strong></span> <span class='ocrx_word' id='word_1_226' title='bbox 1208 846 1400 886; x_wconf 88' lang='lat' dir='ltr'><strong>adiungitur,</strong></span> 
     </span>
    </p>
   </div>
   <div class='ocr_carea' id='block_1_29' title="bbox 879 891 1483 932">
    <p class='ocr_par' dir='ltr' id='par_1_40' title="bbox 879 891 1483 932">
     <span class='ocr_line' id='line_1_62' title="bbox 879 891 1483 932; baseline 0.002 -7"><span class='ocrx_word' id='word_1_227' title='bbox 879 894 934 925; x_wconf 82' lang='lat'><strong>40.</strong></span> <span class='ocrx_word' id='word_1_228' title='bbox 959 892 1004 924; x_wconf 86' lang='lat' dir='ltr'><strong>Et</strong></span> <span class='ocrx_word' id='word_1_229' title='bbox 1028 902 1118 924; x_wconf 86' lang='lat' dir='ltr'><strong>sacra</strong></span> <span class='ocrx_word' id='word_1_230' title='bbox 1142 893 1230 932; x_wconf 85' lang='lat' dir='ltr'><strong>virgo</strong></span> <span class='ocrx_word' id='word_1_231' title='bbox 1254 902 1318 924; x_wconf 91' lang='lat' dir='ltr'><strong>non</strong></span> <span class='ocrx_word' id='word_1_232' title='bbox 1334 891 1483 926; x_wconf 85' lang='lat' dir='ltr'><strong>flectitur.</strong></span> 
     </span>
    </p>
   </div>
   <div class='ocr_carea' id='block_1_30' title="bbox 879 1128 935 1160">
    <p class='ocr_par' dir='ltr' id='par_1_41' title="bbox 879 1128 935 1160">
     <span class='ocr_line' id='line_1_63' title="bbox 879 1128 935 1160; baseline 0.018 -1"><span class='ocrx_word' id='word_1_233' title='bbox 879 1128 935 1160; x_wconf 89' lang='lat'>45.</span> 
     </span>
    </p>
   </div>
   <div class='ocr_carea' id='block_1_31' title="bbox 880 1410 934 1440">
    <p class='ocr_par' dir='ltr' id='par_1_42' title="bbox 880 1410 934 1440">
     <span class='ocr_line' id='line_1_64' title="bbox 880 1410 934 1440; baseline 0 0"><span class='ocrx_word' id='word_1_234' title='bbox 880 1410 934 1440; x_wconf 88' lang='lat'>50.</span> 
     </span>
    </p>
   </div>
   <div class='ocr_carea' id='block_1_32' title="bbox 881 1647 934 1677">
    <p class='ocr_par' dir='ltr' id='par_1_43' title="bbox 881 1647 934 1677">
     <span class='ocr_line' id='line_1_65' title="bbox 881 1647 934 1677; baseline -0.019 0"><span class='ocrx_word' id='word_1_235' title='bbox 881 1647 934 1677; x_wconf 88' lang='lat'>55.</span> 
     </span>
    </p>
   </div>
   <div class='ocr_carea' id='block_1_33' title="bbox 879 1882 932 1914">
    <p class='ocr_par' dir='ltr' id='par_1_44' title="bbox 879 1882 932 1914">
     <span class='ocr_line' id='line_1_66' title="bbox 879 1882 932 1914; baseline -0.038 0"><span class='ocrx_word' id='word_1_236' title='bbox 879 1882 932 1914; x_wconf 88' lang='lat'><strong>60.</strong></span> 
     </span>
    </p>
   </div>
   <div class='ocr_carea' id='block_1_34' title="bbox 877 2119 931 2150">
    <p class='ocr_par' dir='ltr' id='par_1_45' title="bbox 877 2119 931 2150">
     <span class='ocr_line' id='line_1_67' title="bbox 877 2119 931 2150; baseline -0.019 0"><span class='ocrx_word' id='word_1_237' title='bbox 877 2119 931 2150; x_wconf 83' lang='lat'><strong>65.</strong></span> 
     </span>
    </p>
   </div>
   <div class='ocr_carea' id='block_1_35' title="bbox 877 2357 930 2389">
    <p class='ocr_par' dir='ltr' id='par_1_46' title="bbox 877 2357 930 2389">
     <span class='ocr_line' id='line_1_68' title="bbox 877 2357 930 2389; baseline 0 -1"><span class='ocrx_word' id='word_1_238' title='bbox 877 2357 930 2389; x_wconf 91' lang='lat'><strong>70.</strong></span> 
     </span>
    </p>
   </div>
   <div class='ocr_carea' id='block_1_36' title="bbox 957 940 1484 2443">
    <p class='ocr_par' dir='ltr' id='par_1_47' title="bbox 961 940 1401 980">
     <span class='ocr_line' id='line_1_69' title="bbox 961 940 1401 980; baseline 0.002 -10"><span class='ocrx_word' id='word_1_239' title='bbox 961 940 1072 971; x_wconf 90' lang='lat' dir='ltr'><strong>Puella</strong></span> <span class='ocrx_word' id='word_1_240' title='bbox 1096 942 1260 971; x_wconf 83' lang='lat' dir='ltr'><strong>truncatur</strong></span> <span class='ocrx_word' id='word_1_241' title='bbox 1284 940 1401 980; x_wconf 89' lang='lat' dir='ltr'><strong>gladio,</strong></span> 
     </span>
    </p>

    <p class='ocr_par' dir='ltr' id='par_1_48' title="bbox 961 986 1482 1026">
     <span class='ocr_line' id='line_1_70' title="bbox 961 986 1482 1026; baseline -0.004 -7"><span class='ocrx_word' id='word_1_242' title='bbox 961 987 1015 1019; x_wconf 90' lang='lat' dir='ltr'><strong>Fit</strong></span> <span class='ocrx_word' id='word_1_243' title='bbox 1039 987 1253 1025; x_wconf 84' lang='lat' dir='ltr'><strong>spectaculum</strong></span> <span class='ocrx_word' id='word_1_244' title='bbox 1278 986 1338 1018; x_wconf 88' lang='lat' dir='ltr'><strong>hoc</strong></span> <span class='ocrx_word' id='word_1_245' title='bbox 1355 987 1482 1026; x_wconf 88' lang='lat' dir='ltr'><strong>populo.</strong></span> 
     </span>
    </p>

    <p class='ocr_par' dir='ltr' id='par_1_49' title="bbox 961 1033 1382 1072">
     <span class='ocr_line' id='line_1_71' title="bbox 961 1033 1382 1072; baseline 0 -8"><span class='ocrx_word' id='word_1_246' title='bbox 961 1033 1092 1065; x_wconf 88' lang='lat' dir='ltr'><strong>Iubetur</strong></span> <span class='ocrx_word' id='word_1_247' title='bbox 1117 1033 1223 1065; x_wconf 88' lang='lat' dir='ltr'><strong>assisti</strong></span> <span class='ocrx_word' id='word_1_248' title='bbox 1249 1033 1382 1072; x_wconf 87' lang='lat' dir='ltr'><strong>Caritas,</strong></span> 
     </span>
    </p>

    <p class='ocr_par' dir='ltr' id='par_1_50' title="bbox 963 1079 1425 1119">
     <span class='ocr_line' id='line_1_72' title="bbox 963 1079 1425 1119; baseline -0.002 -7"><span class='ocrx_word' id='word_1_249' title='bbox 963 1079 1106 1112; x_wconf 88' lang='lat' dir='ltr'><strong>Crudelis</strong></span> <span class='ocrx_word' id='word_1_250' title='bbox 1131 1089 1223 1119; x_wconf 89' lang='lat' dir='ltr'><strong>quam</strong></span> <span class='ocrx_word' id='word_1_251' title='bbox 1247 1080 1425 1111; x_wconf 86' lang='lat' dir='ltr'><strong>immanitas</strong></span> 
     </span>
    </p>

    <p class='ocr_par' dir='ltr' id='par_1_51' title="bbox 961 1126 1484 1214">
     <span class='ocr_line' id='line_1_73' title="bbox 961 1126 1484 1166; baseline 0 -8"><span class='ocrx_word' id='word_1_252' title='bbox 961 1126 1102 1165; x_wconf 86' lang='lat' dir='ltr'><strong>Tyranni</strong></span> <span class='ocrx_word' id='word_1_253' title='bbox 1121 1135 1251 1166; x_wconf 87' lang='lat' dir='ltr'><strong>nequam</strong></span> <span class='ocrx_word' id='word_1_254' title='bbox 1271 1136 1333 1158; x_wconf 90' lang='lat' dir='ltr'><strong>non</strong></span> <span class='ocrx_word' id='word_1_255' title='bbox 1352 1127 1484 1166; x_wconf 84' lang='lat' dir='ltr'><strong>adplau-</strong></span> 
     </span>
     <span class='ocr_line' id='line_1_74' title="bbox 1291 1174 1347 1214; baseline -0.018 -9"><span class='ocrx_word' id='word_1_256' title='bbox 1291 1174 1347 1214; x_wconf 87' lang='lat' dir='ltr'><strong>dit,</strong></span> 
     </span>
    </p>

    <p class='ocr_par' dir='ltr' id='par_1_52' title="bbox 962 1220 1385 1261">
     <span class='ocr_line' id='line_1_75' title="bbox 962 1220 1385 1261; baseline 0 -9"><span class='ocrx_word' id='word_1_257' title='bbox 962 1220 1018 1253; x_wconf 89' lang='lat' dir='ltr'><strong>Cui</strong></span> <span class='ocrx_word' id='word_1_258' title='bbox 1045 1220 1133 1261; x_wconf 85' lang='lat' dir='ltr'><strong>virgo</strong></span> <span class='ocrx_word' id='word_1_259' title='bbox 1158 1229 1220 1252; x_wconf 91' lang='lat' dir='ltr'><strong>non</strong></span> <span class='ocrx_word' id='word_1_260' title='bbox 1245 1220 1385 1252; x_wconf 86' lang='lat' dir='ltr'><strong>obaudit.</strong></span> 
     </span>
    </p>

    <p class='ocr_par' dir='ltr' id='par_1_53' title="bbox 961 1268 1381 1311">
     <span class='ocr_line' id='line_1_76' title="bbox 961 1268 1381 1311; baseline 0.002 -13"><span class='ocrx_word' id='word_1_261' title='bbox 961 1268 1000 1299; x_wconf 87' lang='lat' dir='ltr'><strong>In</strong></span> <span class='ocrx_word' id='word_1_262' title='bbox 1027 1270 1147 1299; x_wconf 84' lang='lat' dir='ltr'><strong>catasta</strong></span> <span class='ocrx_word' id='word_1_263' title='bbox 1171 1270 1219 1299; x_wconf 86' lang='lat' dir='ltr'><strong>est</strong></span> <span class='ocrx_word' id='word_1_264' title='bbox 1244 1270 1381 1311; x_wconf 85' lang='lat' dir='ltr'><strong>extensa,</strong></span> 
     </span>
    </p>

    <p class='ocr_par' dir='ltr' id='par_1_54' title="bbox 961 1314 1423 1354">
     <span class='ocr_line' id='line_1_77' title="bbox 961 1314 1423 1354; baseline 0.002 -9"><span class='ocrx_word' id='word_1_265' title='bbox 961 1314 1041 1346; x_wconf 87' lang='lat' dir='ltr'><strong>Dira</strong></span> <span class='ocrx_word' id='word_1_266' title='bbox 1065 1323 1161 1354; x_wconf 88' lang='lat' dir='ltr'><strong>passa</strong></span> <span class='ocrx_word' id='word_1_267' title='bbox 1186 1316 1234 1346; x_wconf 84' lang='lat' dir='ltr'><strong>est</strong></span> <span class='ocrx_word' id='word_1_268' title='bbox 1257 1317 1423 1346; x_wconf 85' lang='lat' dir='ltr'><strong>tormenta.</strong></span> 
     </span>
    </p>

    <p class='ocr_par' dir='ltr' id='par_1_55' title="bbox 962 1361 1450 1394">
     <span class='ocr_line' id='line_1_78' title="bbox 962 1361 1450 1394; baseline -0.002 0"><span class='ocrx_word' id='word_1_269' title='bbox 962 1361 1039 1394; x_wconf 92' lang='lat' dir='ltr'><strong>Cum</strong></span> <span class='ocrx_word' id='word_1_270' title='bbox 1065 1364 1191 1393; x_wconf 86' lang='lat' dir='ltr'><strong>recusat</strong></span> <span class='ocrx_word' id='word_1_271' title='bbox 1215 1361 1297 1393; x_wconf 89' lang='lat' dir='ltr'><strong>hanc</strong></span> <span class='ocrx_word' id='word_1_272' title='bbox 1321 1362 1450 1394; x_wconf 70' lang='lat' dir='ltr'><strong>laudare·</strong></span> 
     </span>
    </p>

    <p class='ocr_par' dir='ltr' id='par_1_56' title="bbox 963 1408 1442 1448">
     <span class='ocr_line' id='line_1_79' title="bbox 963 1408 1442 1448; baseline -0.002 -8"><span class='ocrx_word' id='word_1_273' title='bbox 963 1408 1020 1440; x_wconf 87' lang='lat' dir='ltr'><strong>Cui</strong></span> <span class='ocrx_word' id='word_1_274' title='bbox 1045 1409 1171 1440; x_wconf 89' lang='lat' dir='ltr'><strong>laudem</strong></span> <span class='ocrx_word' id='word_1_275' title='bbox 1195 1417 1258 1439; x_wconf 89' lang='lat' dir='ltr'><strong>non</strong></span> <span class='ocrx_word' id='word_1_276' title='bbox 1284 1411 1332 1440; x_wconf 87' lang='lat' dir='ltr'><strong>est</strong></span> <span class='ocrx_word' id='word_1_277' title='bbox 1358 1409 1442 1448; x_wconf 87' lang='lat' dir='ltr'><strong>dare,</strong></span> 
     </span>
    </p>

    <p class='ocr_par' dir='ltr' id='par_1_57' title="bbox 960 1454 1448 1495">
     <span class='ocr_line' id='line_1_80' title="bbox 960 1454 1448 1495; baseline 0 -9"><span class='ocrx_word' id='word_1_278' title='bbox 960 1455 1109 1495; x_wconf 85' lang='lat' dir='ltr'><strong>Magnam</strong></span> <span class='ocrx_word' id='word_1_279' title='bbox 1134 1454 1280 1494; x_wconf 82' lang='lat' dir='ltr'><strong>proferre</strong></span> <span class='ocrx_word' id='word_1_280' title='bbox 1303 1455 1448 1495; x_wconf 81' lang='lat' dir='ltr'><strong>Dianam,</strong></span> 
     </span>
    </p>

    <p class='ocr_par' dir='ltr' id='par_1_58' title="bbox 961 1502 1393 1542">
     <span class='ocr_line' id='line_1_81' title="bbox 961 1502 1393 1542; baseline 0 -9"><span class='ocrx_word' id='word_1_281' title='bbox 961 1502 1160 1541; x_wconf 89' lang='lat' dir='ltr'><strong>Impudicam</strong></span> <span class='ocrx_word' id='word_1_282' title='bbox 1186 1504 1217 1533; x_wconf 87' lang='lat' dir='ltr'><strong>et</strong></span> <span class='ocrx_word' id='word_1_283' title='bbox 1240 1502 1393 1542; x_wconf 88' lang='lat' dir='ltr'><strong>insanam,</strong></span> 
     </span>
    </p>

    <p class='ocr_par' dir='ltr' id='par_1_59' title="bbox 960 1549 1387 1588">
     <span class='ocr_line' id='line_1_82' title="bbox 960 1549 1387 1588; baseline 0.002 -8"><span class='ocrx_word' id='word_1_284' title='bbox 960 1550 997 1581; x_wconf 92' lang='lat' dir='ltr'><strong>In</strong></span> <span class='ocrx_word' id='word_1_285' title='bbox 1024 1549 1181 1581; x_wconf 87' lang='lat' dir='ltr'><strong>caminum</strong></span> <span class='ocrx_word' id='word_1_286' title='bbox 1205 1552 1254 1580; x_wconf 87' lang='lat' dir='ltr'><strong>est</strong></span> <span class='ocrx_word' id='word_1_287' title='bbox 1278 1550 1387 1588; x_wconf 90' lang='lat' dir='ltr'><strong>eiecta,</strong></span> 
     </span>
    </p>

    <p class='ocr_par' dir='ltr' id='par_1_60' title="bbox 961 1596 1460 1636">
     <span class='ocr_line' id='line_1_83' title="bbox 961 1596 1460 1636; baseline 0.004 -9"><span class='ocrx_word' id='word_1_288' title='bbox 961 1596 997 1628; x_wconf 90' lang='lat' dir='ltr'><strong>In</strong></span> <span class='ocrx_word' id='word_1_289' title='bbox 1025 1606 1085 1636; x_wconf 89' lang='lat' dir='ltr'><strong>quo</strong></span> <span class='ocrx_word' id='word_1_290' title='bbox 1111 1605 1228 1636; x_wconf 88' lang='lat' dir='ltr'><strong>sponsa</strong></span> <span class='ocrx_word' id='word_1_291' title='bbox 1252 1598 1316 1628; x_wconf 89' lang='lat' dir='ltr'><strong>tam</strong></span> <span class='ocrx_word' id='word_1_292' title='bbox 1344 1597 1460 1629; x_wconf 89' lang='lat' dir='ltr'><strong>dilecta</strong></span> 
     </span>
    </p>

    <p class='ocr_par' dir='ltr' id='par_1_61' title="bbox 962 1643 1435 1684">
     <span class='ocr_line' id='line_1_84' title="bbox 962 1643 1435 1684; baseline 0.002 -9"><span class='ocrx_word' id='word_1_293' title='bbox 962 1643 1088 1676; x_wconf 87' lang='lat' dir='ltr'><strong>Laudat</strong></span> <span class='ocrx_word' id='word_1_294' title='bbox 1112 1652 1218 1684; x_wconf 87' lang='lat' dir='ltr'><strong>regem</strong></span> <span class='ocrx_word' id='word_1_295' title='bbox 1239 1645 1435 1676; x_wconf 90' lang='lat' dir='ltr'><strong>saeculorum</strong></span> 
     </span>
    </p>

    <p class='ocr_par' dir='ltr' id='par_1_62' title="bbox 961 1691 1455 1731">
     <span class='ocr_line' id='line_1_85' title="bbox 961 1691 1455 1731; baseline 0.004 -8"><span class='ocrx_word' id='word_1_296' title='bbox 961 1691 1088 1724; x_wconf 89' lang='lat' dir='ltr'><strong>Cultum</strong></span> <span class='ocrx_word' id='word_1_297' title='bbox 1111 1699 1263 1731; x_wconf 88' lang='lat' dir='ltr'><strong>spernens</strong></span> <span class='ocrx_word' id='word_1_298' title='bbox 1288 1692 1455 1725; x_wconf 86' lang='lat' dir='ltr'><strong>idolorum.</strong></span> 
     </span>
    </p>

    <p class='ocr_par' dir='ltr' id='par_1_63' title="bbox 959 1738 1458 1780">
     <span class='ocr_line' id='line_1_86' title="bbox 959 1738 1458 1780; baseline 0.002 -11"><span class='ocrx_word' id='word_1_299' title='bbox 959 1738 1104 1770; x_wconf 88' lang='lat' dir='ltr'><strong>Flamma</strong></span> <span class='ocrx_word' id='word_1_300' title='bbox 1130 1739 1169 1770; x_wconf 88' lang='lat' dir='ltr'><strong>de</strong></span> <span class='ocrx_word' id='word_1_301' title='bbox 1195 1739 1316 1770; x_wconf 86' lang='lat' dir='ltr'><strong>camino</strong></span> <span class='ocrx_word' id='word_1_302' title='bbox 1343 1740 1458 1780; x_wconf 87' lang='lat' dir='ltr'><strong>erupit,</strong></span> 
     </span>
    </p>

    <p class='ocr_par' dir='ltr' id='par_1_64' title="bbox 961 1785 1428 1829">
     <span class='ocr_line' id='line_1_87' title="bbox 961 1785 1428 1829; baseline 0 -12"><span class='ocrx_word' id='word_1_303' title='bbox 961 1787 1084 1817; x_wconf 86' lang='lat' dir='ltr'><strong>Vorans</strong></span> <span class='ocrx_word' id='word_1_304' title='bbox 1109 1794 1165 1817; x_wconf 81' lang='lat' dir='ltr'><strong>sex</strong></span> <span class='ocrx_word' id='word_1_305' title='bbox 1190 1785 1278 1817; x_wconf 87' lang='lat' dir='ltr'><strong>milia</strong></span> <span class='ocrx_word' id='word_1_306' title='bbox 1302 1786 1428 1829; x_wconf 86' lang='lat' dir='ltr'><strong>occidit,</strong></span> 
     </span>
    </p>

    <p class='ocr_par' dir='ltr' id='par_1_65' title="bbox 960 1833 1435 1873">
     <span class='ocr_line' id='line_1_88' title="bbox 960 1833 1435 1873; baseline 0.002 -9"><span class='ocrx_word' id='word_1_307' title='bbox 960 1833 1078 1865; x_wconf 85' lang='lat' dir='ltr'><strong>lllaesa</strong></span> <span class='ocrx_word' id='word_1_308' title='bbox 1105 1834 1194 1873; x_wconf 89' lang='lat' dir='ltr'><strong>virgo</strong></span> <span class='ocrx_word' id='word_1_309' title='bbox 1220 1836 1435 1873; x_wconf 88' lang='lat' dir='ltr'><strong>conservatur,</strong></span> 
     </span>
    </p>

    <p class='ocr_par' dir='ltr' id='par_1_66' title="bbox 960 1878 1405 1920">
     <span class='ocr_line' id='line_1_89' title="bbox 960 1878 1405 1920; baseline -0.002 -7"><span class='ocrx_word' id='word_1_310' title='bbox 960 1881 1073 1920; x_wconf 86' lang='lat' dir='ltr'><strong>Iguitis</strong></span> <span class='ocrx_word' id='word_1_311' title='bbox 1099 1879 1198 1911; x_wconf 80' lang='lat' dir='ltr'><strong>furcis</strong></span> <span class='ocrx_word' id='word_1_312' title='bbox 1222 1878 1405 1920; x_wconf 85' lang='lat' dir='ltr'><strong>perforatur</strong></span> 
     </span>
    </p>

    <p class='ocr_par' dir='ltr' id='par_1_67' title="bbox 959 1928 1396 1968">
     <span class='ocr_line' id='line_1_90' title="bbox 959 1928 1396 1968; baseline 0 -9"><span class='ocrx_word' id='word_1_313' title='bbox 959 1928 1004 1960; x_wconf 89' lang='lat' dir='ltr'><strong>Et</strong></span> <span class='ocrx_word' id='word_1_314' title='bbox 1028 1928 1075 1958; x_wconf 84' lang='lat' dir='ltr'><strong>sic</strong></span> <span class='ocrx_word' id='word_1_315' title='bbox 1100 1936 1248 1959; x_wconf 86' lang='lat' dir='ltr'><strong>coronam</strong></span> <span class='ocrx_word' id='word_1_316' title='bbox 1272 1928 1396 1968; x_wconf 79' lang='lat' dir='ltr'><strong>meruit,</strong></span> 
     </span>
    </p>

    <p class='ocr_par' dir='ltr' id='par_1_68' title="bbox 960 1973 1357 2014">
     <span class='ocr_line' id='line_1_91' title="bbox 960 1973 1357 2014; baseline 0.003 -8"><span class='ocrx_word' id='word_1_317' title='bbox 960 1976 1046 2014; x_wconf 87' lang='lat' dir='ltr'><strong>Quae</strong></span> <span class='ocrx_word' id='word_1_318' title='bbox 1070 1973 1133 2006; x_wconf 89' lang='lat' dir='ltr'><strong>fide</strong></span> <span class='ocrx_word' id='word_1_319' title='bbox 1157 1973 1262 2007; x_wconf 87' lang='lat' dir='ltr'><strong>fidelis</strong></span> <span class='ocrx_word' id='word_1_320' title='bbox 1287 1973 1357 2007; x_wconf 86' lang='lat' dir='ltr'><strong>fuit.</strong></span> 
     </span>
    </p>

    <p class='ocr_par' dir='ltr' id='par_1_69' title="bbox 961 2021 1275 2061">
     <span class='ocr_line' id='line_1_92' title="bbox 961 2021 1275 2061; baseline -0.003 -8"><span class='ocrx_word' id='word_1_321' title='bbox 961 2022 1087 2054; x_wconf 89' lang='lat' dir='ltr'><strong>Dilecta</strong></span> <span class='ocrx_word' id='word_1_322' title='bbox 1112 2021 1275 2061; x_wconf 86' lang='lat' dir='ltr'><strong>Sapientia</strong></span> 
     </span>
    </p>

    <p class='ocr_par' dir='ltr' id='par_1_70' title="bbox 959 2069 1340 2109">
     <span class='ocr_line' id='line_1_93' title="bbox 959 2069 1340 2109; baseline 0 -9"><span class='ocrx_word' id='word_1_323' title='bbox 959 2070 1003 2101; x_wconf 88' lang='lat' dir='ltr'><strong>Et</strong></span> <span class='ocrx_word' id='word_1_324' title='bbox 1026 2069 1081 2109; x_wconf 86' lang='lat' dir='ltr'><strong>pia</strong></span> <span class='ocrx_word' id='word_1_325' title='bbox 1104 2072 1206 2100; x_wconf 88' lang='lat' dir='ltr'><strong>mater</strong></span> <span class='ocrx_word' id='word_1_326' title='bbox 1229 2069 1340 2101; x_wconf 88' lang='lat' dir='ltr'><strong>inclita</strong></span> 
     </span>
    </p>

    <p class='ocr_par' dir='ltr' id='par_1_71' title="bbox 959 2116 1410 2160">
     <span class='ocr_line' id='line_1_94' title="bbox 959 2116 1410 2160; baseline 0.002 -12"><span class='ocrx_word' id='word_1_327' title='bbox 959 2116 1073 2148; x_wconf 87' lang='lat' dir='ltr'><strong>Sacras</strong></span> <span class='ocrx_word' id='word_1_328' title='bbox 1097 2116 1233 2150; x_wconf 90' lang='lat' dir='ltr'><strong>virtutes</strong></span> <span class='ocrx_word' id='word_1_329' title='bbox 1257 2117 1410 2160; x_wconf 88' lang='lat' dir='ltr'><strong>condidit,</strong></span> 
     </span>
    </p>

    <p class='ocr_par' dir='ltr' id='par_1_72' title="bbox 960 2164 1357 2203">
     <span class='ocr_line' id='line_1_95' title="bbox 960 2164 1357 2203; baseline 0.003 -8"><span class='ocrx_word' id='word_1_330' title='bbox 960 2165 1046 2203; x_wconf 87' lang='lat' dir='ltr'><strong>Quae</strong></span> <span class='ocrx_word' id='word_1_331' title='bbox 1070 2165 1212 2195; x_wconf 86' lang='lat' dir='ltr'><strong>virtuosa</strong></span> <span class='ocrx_word' id='word_1_332' title='bbox 1234 2164 1357 2196; x_wconf 82' lang='lat' dir='ltr'><strong>exstitit</strong></span> 
     </span>
    </p>

    <p class='ocr_par' dir='ltr' id='par_1_73' title="bbox 958 2211 1325 2244">
     <span class='ocr_line' id='line_1_96' title="bbox 958 2211 1325 2244; baseline 0.003 -1"><span class='ocrx_word' id='word_1_333' title='bbox 958 2211 1002 2244; x_wconf 86' lang='lat' dir='ltr'><strong>Et</strong></span> <span class='ocrx_word' id='word_1_334' title='bbox 1025 2212 1139 2243; x_wconf 85' lang='lat' dir='ltr'><strong>mentis</strong></span> <span class='ocrx_word' id='word_1_335' title='bbox 1166 2212 1325 2244; x_wconf 88' lang='lat' dir='ltr'><strong>desiderio</strong></span> 
     </span>
    </p>

    <p class='ocr_par' dir='ltr' id='par_1_74' title="bbox 958 2259 1337 2300">
     <span class='ocr_line' id='line_1_97' title="bbox 958 2259 1337 2300; baseline 0.005 -10"><span class='ocrx_word' id='word_1_336' title='bbox 958 2259 1002 2291; x_wconf 88' lang='lat' dir='ltr'><strong>Et</strong></span> <span class='ocrx_word' id='word_1_337' title='bbox 1025 2259 1058 2291; x_wconf 92' lang='lat' dir='ltr'><strong>in</strong></span> <span class='ocrx_word' id='word_1_338' title='bbox 1083 2260 1200 2291; x_wconf 87' lang='lat' dir='ltr'><strong>amoris</strong></span> <span class='ocrx_word' id='word_1_339' title='bbox 1223 2260 1337 2300; x_wconf 88' lang='lat' dir='ltr'><strong>gaudio</strong></span> 
     </span>
    </p>

    <p class='ocr_par' dir='ltr' id='par_1_75' title="bbox 957 2306 1257 2339">
     <span class='ocr_line' id='line_1_98' title="bbox 957 2306 1257 2339; baseline 0 -1"><span class='ocrx_word' id='word_1_340' title='bbox 957 2308 987 2338; x_wconf 89' lang='lat' dir='ltr'>A</span> <span class='ocrx_word' id='word_1_341' title='bbox 1012 2307 1168 2339; x_wconf 85' lang='lat' dir='ltr'><strong>castitatis</strong></span> <span class='ocrx_word' id='word_1_342' title='bbox 1192 2306 1257 2339; x_wconf 92' lang='lat' dir='ltr'><strong>filio</strong></span> 
     </span>
    </p>

    <p class='ocr_par' dir='ltr' id='par_1_76' title="bbox 960 2355 1411 2395">
     <span class='ocr_line' id='line_1_99' title="bbox 960 2355 1411 2395; baseline 0 -9"><span class='ocrx_word' id='word_1_343' title='bbox 960 2355 1037 2387; x_wconf 87' lang='lat' dir='ltr'><strong>Cum</strong></span> <span class='ocrx_word' id='word_1_344' title='bbox 1060 2355 1142 2386; x_wconf 85' lang='lat' dir='ltr'><strong>natis</strong></span> <span class='ocrx_word' id='word_1_345' title='bbox 1169 2363 1237 2386; x_wconf 90' lang='lat' dir='ltr'><strong>esse</strong></span> <span class='ocrx_word' id='word_1_346' title='bbox 1261 2355 1411 2395; x_wconf 87' lang='lat' dir='ltr'><strong>postulat,</strong></span> 
     </span>
    </p>

    <p class='ocr_par' dir='ltr' id='par_1_77' title="bbox 959 2401 1482 2443">
     <span class='ocr_line' id='line_1_100' title="bbox 959 2401 1482 2443; baseline 0.004 -10"><span class='ocrx_word' id='word_1_347' title='bbox 959 2401 1034 2434; x_wconf 88' lang='lat' dir='ltr'><strong>Cum</strong></span> <span class='ocrx_word' id='word_1_348' title='bbox 1050 2401 1162 2441; x_wconf 85' lang='lat' dir='ltr'><strong>quibus</strong></span> <span class='ocrx_word' id='word_1_349' title='bbox 1177 2410 1260 2433; x_wconf 88' lang='lat' dir='ltr'><strong>nunc</strong></span> <span class='ocrx_word' id='word_1_350' title='bbox 1268 2402 1353 2433; x_wconf 88' lang='lat' dir='ltr'><strong>laeta</strong></span> <span class='ocrx_word' id='word_1_351' title='bbox 1361 2405 1482 2443; x_wconf 85' lang='lat' dir='ltr'><strong>regnat.</strong></span> 
     </span>
    </p>
   </div>
  </div>
 </body>
</html>
