1655 2573
742 179 787 185 —
839 156 904 194 142
952 177 998 183 -

644 252 708 283 273,
738 252 781 282 De
800 250 907 281 saneta
927 249 1092 281 Dorothea.

240 312 270 345 1.
298 312 400 352 Salve,
426 311 514 352 virgo
538 311 709 352 Dorothea‚
931 310 962 342 6.
987 308 1149 341 Delectari
1174 311 1206 339 et
1227 307 1373 341 formosis

295 359 369 391 Mea
392 359 588 398 praedilecta
612 356 726 402 [pura],
990 356 1082 388 Rosis
1107 356 1140 386 in
1165 355 1266 395 ipsius
1291 356 1391 388 hortis

342 406 438 437 Plura
462 405 587 444 quidem
611 404 746 436 infantia
1037 403 1123 435 Ortis
1148 404 1180 433 et,
1203 401 1366 442 viridario,

295 453 343 484 Tu
372 454 527 483 tormenta
550 452 710 490 pertulisti
990 450 1042 481 Ex
1065 450 1115 480 his
1140 449 1240 480 mittis
1264 448 1297 481 in
1322 449 1481 489 sportella

295 498 413 531 Christi
436 498 475 529 ob
501 505 637 529 amorem
659 506 743 537 vera,
990 496 1082 527 Bella
1104 496 1189 526 inter
1214 495 1308 527 modo
1332 496 1412 527 miro

340 544 431 575 Mera
455 544 547 575 simul
573 544 758 576 constantia.
1037 543 1113 575 Viro
1138 543 1365 581 protonotario.

240 602 270 630 2.
297 600 333 632 In
359 599 441 631 olivo
466 608 539 630 nam
562 598 705 632 fervente
934 600 963 632 7.
991 600 1080 631 Tunc
1105 598 1227 630 cervice
1249 598 1403 630 inclinata

291 646 391 678 Gente
416 645 484 677 fera
510 654 541 677 es
567 644 696 688 afflicta,
989 646 1096 678 Strata
1120 654 1194 676 ense
1219 653 1252 676 es
1278 648 1310 677 et
1333 646 1427 682 laeta,

338 693 431 725 Victa
454 695 559 724 tamen
583 693 760 725 immanitas
1033 694 1132 725 Freta
1157 692 1284 724 caelesti
1308 693 1417 734 gloria,

295 740 418 772 Poenae
443 742 511 771 erat
534 740 565 771 vi
591 740 727 772 dulcoris
989 740 1013 772 Ο
1038 739 1141 779 beata,
1168 747 1261 778 quam
1285 740 1439 771 immensa

295 786 388 818 Roris
413 786 533 826 gratiae
557 786 692 825 abunde,
989 787 1090 818 Pensa
1113 788 1157 818 sis
1181 785 1301 824 adepta
1324 787 1405 818 dona

335 832 429 865 Unde
453 841 512 864 neo
536 834 629 865 cessit
654 834 780 866 sanitas,
1031 833 1121 864 Bona
1144 834 1233 863 tanta
1256 832 1399 865 victoria.

239 888 269 919 3.
297 890 371 921 Post
396 889 549 928 squaloris
576 890 743 921 carceralis
929 889 961 921 8.
986 888 1029 920 Et
1053 897 1145 927 quam
1170 888 1258 927 large
1281 897 1340 928 per
1358 891 1390 919 te
1406 887 1512 920 factae

295 936 389 966 Malis
412 935 617 975 stringebaris
640 936 694 978 ibi,
988 935 1108 966 Nactae
1133 943 1243 974 preces
1268 938 1342 966 sunt
1367 935 1512 966 effectum

337 981 412 1013 Tibi
436 984 505 1013 erat
526 983 659 1021 penuria
1031 982 1164 1013 Rectum
1188 990 1247 1020 pro
1264 983 1296 1013 te
1313 982 1509 1014 colentibus!

294 1029 402 1059 Victus
424 1029 470 1059 sic
493 1037 551 1067 per
575 1037 687 1060 novem
713 1030 790 1068 dies,
984 1028 1079 1068 Ergo,
1106 1028 1160 1067 pia
1184 1031 1216 1059 et
1242 1028 1367 1068 deeora,

295 1075 388 1113 Quies
413 1075 509 1112 nulla,
535 1084 618 1106 mors
642 1076 698 1107 sed
721 1076 834 1117 latens,
986 1075 1049 1107 Ora
1072 1083 1131 1114 pro
1156 1083 1206 1105 me
1230 1083 1284 1106 reo
1308 1075 1409 1107 Deum

339 1122 454 1153 Patens
478 1121 617 1161 maligna
641 1122 733 1156 furia.
1031 1121 1138 1152 Meum
1164 1121 1244 1152 votis
1270 1119 1498 1161 frequentibus,

234 1177 267 1208 4.
294 1177 379 1215 Quae
402 1177 543 1217 urgebat,
570 1180 605 1208 ut
628 1178 658 1209 in
685 1177 758 1210 fano
931 1177 961 1209 9.
988 1178 1032 1210 Ut
1058 1186 1077 1208 a
1099 1177 1191 1208 noxis
1215 1185 1266 1208 me
1291 1178 1450 1217 emundet,

290 1224 379 1255 Vano
405 1223 462 1254 tibi
487 1226 570 1254 esset
594 1231 668 1256 cura
985 1224 1122 1262 Fundet,
1148 1226 1184 1254 ut
1209 1222 1372 1255 confirmet
1396 1233 1454 1256 sua

337 1270 423 1301 Tura
449 1270 509 1301 diis
533 1270 712 1310 incendere,
1033 1270 1103 1302 Tua
1125 1279 1185 1309 ope
1209 1270 1242 1301 in
1267 1271 1379 1311 gratia,

289 1316 466 1348 Decrevisti
497 1317 598 1348 saevis
622 1317 721 1357 magis
985 1318 1048 1349 Per
1071 1326 1164 1356 quam
1186 1317 1228 1348 sit
1243 1318 1398 1356 peccandi
1417 1327 1510 1349 ausus

290 1363 396 1402 Plagis
420 1364 521 1402 premi
546 1370 677 1404 propter
701 1364 812 1407 Deum,
986 1364 1129 1402 Clausus,
1155 1364 1212 1395 sed
1237 1365 1353 1403 agendi
1379 1364 1461 1396 bene

335 1409 417 1440 Eum
440 1419 531 1448 quam
557 1410 602 1441 sic
627 1410 794 1442 offendere.
1033 1411 1131 1442 Plene
1155 1410 1198 1441 sit
1222 1409 1375 1445 efficacia.

234 1468 263 1496 5.
291 1465 374 1496 Hinc
399 1473 437 1496 ex
461 1468 538 1496 nutu
563 1474 596 1496 es
620 1466 773 1506 praefecti
905 1466 957 1497 10.
986 1468 1034 1498 Ac
1056 1466 1196 1498 iucunda
1219 1468 1328 1499 mundi
1354 1476 1496 1508 quaeque

292 1511 392 1543 Pleoti
415 1511 501 1543 iussa
525 1512 653 1551 capitali
984 1514 1095 1552 Aeque
1121 1513 1215 1544 donet
1240 1515 1407 1553 aspernari

337 1558 407 1590 Tali
433 1558 503 1589 (lira
526 1560 689 1599 sententia,
1032 1559 1119 1592 Clari
1144 1562 1176 1590 et
1200 1560 1249 1590 sui
1273 1560 1391 1592 lumine

288 1605 368 1636 Inde
391 1613 509 1636 summe
534 1613 566 1636 es
591 1606 699 1645 gavisa
985 1607 1098 1638 Vultus
1115 1615 1188 1637 mox
1201 1610 1275 1645 post
1287 1616 1412 1639 cursum
1428 1609 1512 1640 vitae

290 1651 364 1683 Visa
388 1654 417 1682 et
442 1652 488 1682 sio
514 1651 630 1683 Christi
654 1652 717 1684 frui
983 1653 1057 1684 Rite
1085 1653 1233 1684 luminari
1258 1653 1326 1685 sine

334 1698 393 1729 Tui
418 1699 525 1737 sponsi
549 1701 737 1737 praesentia.
1030 1699 1110 1731 Fine
1135 1699 1274 1732 eiusdem
1299 1702 1436 1733 numine.

294 1753 372 1780 Orat.
393 1761 445 1779 ms.
466 1753 650 1781 Carthusian.
672 1763 746 1782 saee-
769 1754 811 1783 15.
852 1755 921 1783 Cod.
946 1757 1038 1791 Capit.
1058 1752 1206 1782 Treviren.
1230 1753 1294 1783 116.

635 1836 701 1866 274.
734 1837 772 1868 De
795 1838 902 1868 sancta
921 1836 1093 1869 Elisabeth.

232 1894 261 1926 1.
287 1896 436 1935 Magnum
460 1896 587 1934 pietatis
614 1897 728 1928 donum
901 1898 932 1930 3.
959 1899 1136 1937 Hostesque
1161 1898 1208 1929 sic
1231 1899 1395 1937 superavit

287 1942 331 1974 Et
356 1943 532 1981 exemplum
556 1943 662 1974 multis
688 1944 803 1976 bonum
959 1945 1003 1977 Et
1026 1945 1157 1977 virtutes
1183 1945 1355 1978 cumulavit

330 1988 444 2029 Fulget
468 1999 500 2020 m
524 1989 699 2029 Elisabeth,
1005 1991 1186 2023 Excellenti
1209 2000 1349 2036 numero,

286 2036 435 2067 Nascitur
459 2036 633 2068 nobilitatis
955 2039 1062 2070 Mater
1086 2037 1148 2069 fuit
1171 2039 1396 2079 orphanorum,

287 2082 403 2123 Stirpe,
429 2083 487 2114 sed
510 2083 697 2115 humilitatis
962 2086 1163 2117 Medicamen
1185 2085 1392 2127 infirmorum,

332 2129 421 2161 Haec
447 2138 500 2161 eor
523 2128 618 2162 fidele
642 2130 748 2163 habet.
1005 2133 1149 2172 Utroque
1172 2132 1230 2165 sed
1252 2142 1362 2165 umero

230 2185 258 2214 2.
286 2185 441 2223 Tempore
466 2185 522 2216 sub
547 2185 716 2218 iuventutis
901 2189 932 2221 4.
959 2190 1071 2229 Iugum
1095 2188 1222 2220 Domini
1245 2189 1397 2228 portavit,

286 2231 376 2263 Haeo
398 2231 524 2262 virtutis
549 2234 581 2261 et
604 2233 714 2263 salutis
958 2236 1028 2267 Illis
1054 2235 1177 2277 stravit,
1203 2235 1313 2267 sordes
1338 2236 1426 2279 lavit,

336 2278 504 2310 Commoda
531 2279 718 2318 quaesierat,
1007 2281 1118 2313 Nudos
1142 2281 1258 2313 multos
1285 2283 1431 2323 vestiens,

289 2325 388 2358 Gradi
413 2324 496 2365 cepit
520 2324 582 2355 iter
605 2328 714 2367 tutum,
958 2328 1100 2360 Tandem
1119 2328 1263 2361 Christus
1280 2339 1370 2362 suam
1388 2339 1496 2363 earam

288 2372 444 2405 Christum
477 2379 601 2403 sumens
625 2372 685 2404 sibi
708 2375 830 2404 scutum
959 2374 1046 2407 Caeli
1071 2378 1200 2408 vexerat
1224 2375 1266 2408 ad
1291 2386 1390 2416 aram,

330 2419 374 2451 Et
398 2419 458 2451 hoc
482 2427 516 2450 se
540 2420 704 2453 munierat.
1006 2422 1083 2455 Cum
1107 2431 1166 2463 quo
1192 2427 1304 2463 regnat
1327 2425 1480 2466 gestiens.
