1655 2573
748 163 981 198 —66—

259 265 289 297 7.
317 264 444 297 Cunctis
467 272 596 304 prorsus
621 261 789 299 abdicat-is,

363 312 449 350 Quae
473 313 545 342 sunt
569 308 759 350 transitoria,

318 359 401 390 Puer
425 365 562 389 summae
587 355 733 395 puritatis

368 404 443 446 Ipsi,
469 413 527 443 per
551 412 641 442 quem
667 402 780 440 omnia,

323 451 454 490 Corpus,
478 452 613 481 mentem
639 452 670 480 et
693 448 805 479 aetatis

366 497 536 529 Consecrat
559 495 742 535 primordia.

263 563 294 595 8.
320 562 495 594 Redolente
519 560 632 592 mentis
658 568 756 599 purae

365 608 449 640 Pura
474 606 666 639 conscientia

324 655 415 687 Vitae
439 663 517 694 puer
542 656 706 685 secuturae

369 701 535 733 Praeludis
559 700 695 740 insignia

322 748 414 779 Luxu
436 748 537 778 carnis
563 750 595 777 et
617 750 749 779 naturae

366 794 525 834 Torpente
549 793 688 825 lascivia.

265 861 295 893 9.
323 859 434 891 Carnis
459 859 615 899 quondam
637 857 808 897 prurientis

368 905 512 937 Pulsatus
536 904 668 936 mollitie

322 953 409 984 Inter
433 960 545 992 vepres
569 951 681 983 vulnus
706 950 820 981 mentis

369 999 507 1031 Evasisti
532 998 665 1035 sauciae,

323 1046 436 1085 Plagas
462 1053 573 1085 graves
599 1043 822 1075 blandimentis

370 1092 538 1131 opponens
562 1091 715 1123 luxuriae.

246 1158 299 1191 10.
327 1157 376 1189 Ne
399 1166 456 1188 nos
481 1157 578 1195 pestis
604 1156 745 1187 recidiva

370 1203 487 1235 Blandi
511 1201 603 1234 fallat
628 1202 776 1241 criminis,

325 1249 373 1281 Sit
396 1250 428 1280 in
452 1249 543 1281 nobis
567 1249 712 1281 rediviva

370 1296 430 1328 Tui
453 1296 551 1328 virtus
575 1296 719 1335 nominis,

325 1343 445 1375 Cuncta
468 1351 597 1382 prorsus
621 1343 781 1374 incentiva

371 1389 583 1428 Exstinguens
608 1389 760 1421 libidinis

246 1455 298 1487 11.
324 1454 362 1486 In
387 1454 516 1486 odorem
541 1453 706 1485 suavitatis

374 1500 454 1532 Viva
479 1499 581 1531 factus
606 1499 709 1531 hostia

327 1547 446 1585 Trium,
475 1547 576 1577 cultor
600 1545 760 1585 trinitatis,

375 1593 521 1632 Sequeris
542 1593 681 1632 vestigia,

329 1640 411 1678 Quos
433 1648 491 1671 nec
515 1639 628 1670 vinclis
647 1639 851 1670 concrematis

376 1687 552 1718 Laeserunt
575 1685 732 1717 incendia.

251 1754 304 1785 12.
330 1751 420 1783 Hora
443 1751 547 1790 prima
570 1759 649 1789 puer
674 1751 792 1784 Christi

377 1797 514 1829 Veniens
539 1798 579 1829 ad
604 1797 727 1829 vineam

329 1845 397 1877 Iam
422 1853 441 1875 a
462 1844 586 1876 Christo
610 1844 782 1883 percepisti

376 1891 557 1923 Mercedem
580 1890 736 1930 idoneam,

331 1938 389 1971 Cui
411 1940 443 1969 te
467 1939 567 1969 totum
591 1937 733 1969 obtulisti

379 1985 582 2016 Descendens
607 1985 648 2016 ad
673 1993 788 2017 aream.

252 2052 306 2084 13.
332 2049 536 2084 Coronandus
561 2059 619 2089 pro
644 2050 760 2081 tritura

379 2097 524 2129 Desudas
549 2097 581 2127 in
607 2105 691 2138 area,

333 2144 372 2176 In
397 2143 520 2174 sollerti
544 2144 673 2175 studens
699 2152 783 2183 cura,

380 2190 427 2222 Ut
450 2193 584 2229 purgata
608 2190 700 2229 palea

333 2236 518 2268 Animarum
542 2245 639 2276 grana
662 2246 742 2276 pura

379 2283 534 2322 Reportes
558 2283 600 2315 ad
623 2283 745 2315 horrea.

913 258 965 291 14.
993 257 1087 296 Quasi
1113 256 1240 295 quidam
1264 254 1429 295 legislator

1040 303 1194 336 Gloriaris
1221 301 1315 343 effici,

991 350 1085 383 Felix
1110 348 1213 382 factus
1237 348 1427 381 informator

1039 397 1167 430 Ordinis
1192 395 1367 435 monastici,

991 443 1063 475 Non
1097 452 1255 483 praeesse,
1281 442 1337 474 sed
1366 440 1520 481 prodesse

1041 490 1139 532 Gregi
1166 490 1306 530 gaudens
1334 487 1481 527 simplici.

914 558 966 590 15.
994 556 1041 588 Te
1064 558 1191 597 pastore
1215 554 1439 586 monachorum

1041 603 1238 636 Coronantur
1260 601 1357 640 milia,

994 650 1040 681 Te
1064 649 1215 689 magistro
1240 651 1288 680 tot
1312 648 1477 680 modorum

1040 696 1228 728 Fundantur
1253 694 1413 734 coenobia,

994 745 1079 782 Quae
1095 752 1157 774 non
1175 742 1290 781 cordis,
1309 741 1365 773 sed
1383 740 1521 772 colorum

1043 790 1152 822 Variat
1179 788 1340 821 distantia.

915 856 969 888 16.
995 855 1188 886 Benedictus
1215 854 1312 895 digne
1339 852 1441 884 dictus

1044 901 1156 933 Gratia
1179 908 1235 931 seu
1258 899 1395 938 nomine,

995 948 1086 980 Assis
1111 948 1181 987 pius
1206 956 1264 978 nos
1288 946 1387 986 ipsius

1044 993 1203 1026 Refovens
1230 993 1408 1031 dulcedine,

998 1041 1057 1081 Qui
1086 1050 1142 1073 nos
1167 1041 1266 1081 gratis
1292 1049 1312 1071 a
1336 1039 1475 1080 peccatis

1045 1088 1107 1120 Suo
1131 1088 1211 1120 lavit
1233 1087 1394 1127 sanguine.

918 1155 970 1187 17.
999 1154 1047 1186 Sit
1070 1154 1102 1184 in
1129 1153 1234 1193 corde,
1261 1152 1303 1184 sit
1325 1152 1358 1183 in
1384 1160 1438 1183 ore

1045 1200 1211 1232 Benedicti
1239 1199 1352 1241 gratia,

999 1248 1098 1279 Immo
1123 1255 1240 1286 perpes
1267 1254 1335 1279 cum
1360 1254 1466 1277 amore

1047 1293 1216 1325 Dulcescat
1241 1293 1403 1332 memoria,

1002 1341 1097 1373 (iuius
1121 1339 1179 1372 flos
1206 1342 1255 1371 est
1277 1340 1311 1371 in
1337 1340 1456 1371 honore

1046 1387 1090 1419 Et
1113 1387 1235 1419 fructus
1260 1387 1292 1418 in
1319 1387 1430 1426 gloria.

924 1453 978 1485 18.
1005 1452 1053 1484 Sit
1076 1453 1110 1483 in
1132 1452 1252 1484 cunctis
1277 1452 1444 1484 Benedicti

1049 1499 1161 1531 Comes
1185 1499 1375 1542 benedictio,

1002 1546 1047 1578 Ut
1072 1546 1111 1577 ab
1136 1545 1221 1577 omni
1245 1554 1301 1577 nos
1326 1546 1435 1577 delicti

1050 1592 1159 1625 Salvet
1181 1591 1353 1624 infortunio

1003 1638 1111 1670 Sancti
1139 1639 1240 1678 patris
1267 1641 1299 1670 et
1321 1639 1433 1672 invicti

1050 1685 1142 1717 Felix
1166 1686 1361 1718 intercessio.

923 1751 975 1782 19.
1000 1750 1051 1782 Ex
1075 1751 1211 1782 terrenis
1237 1751 1442 1791 emigrantem

1051 1797 1197 1829 Animam
1222 1797 1438 1831 scholasticae

1007 1844 1117 1875 Caelos
1143 1853 1274 1876 cernens
1298 1848 1518 1885 penetrantem

1051 1891 1089 1922 In
1115 1891 1277 1923 columbae
1301 1893 1408 1931 specie

1009 1964 1424 1973 ........

1066 2009 1427 2018 .......

926 2050 980 2081 20.
1006 2050 1044 2081 In
1071 2052 1222 2089 conspetu
1247 2051 1360 2082 summi
1385 2051 1486 2090 patris

1054 2096 1149 2129 Parte
1175 2095 1285 2129 fruens
1310 2097 1430 2137 optima

1007 2143 1139 2175 Fratres
1164 2142 1247 2184 fove,
1273 2144 1376 2175 sancti
1401 2143 1512 2177 fratris

1055 2190 1152 2222 Soror
1175 2190 1366 2231 beatissima,

1008 2236 1058 2267 Ne
1082 2246 1138 2269 nos
1155 2236 1289 2269 flammis
1307 2238 1437 2273 tradens
1455 2240 1536 2271 atris

1056 2283 1133 2315 Dies
1160 2285 1288 2318 damnet
1312 2286 1433 2319 ultima.

316 2377 394 2404 Orat.
422 2384 474 2403 ms.
504 2375 695 2412 Anglicanum
732 2384 806 2404 saec.
835 2374 878 2405 13.
919 2376 987 2405 Coti.
1017 2377 1179 2407 Londinen.
1210 2379 1258 2406 Ar.
1287 2376 1340 2406 201
1374 2393 1410 2398 —
1443 2379 1491 2415 14,
1520 2380 1538 2409 6

241 2417 343 2450 (ii-ege.
364 2430 400 2433 —
421 2412 465 2447 20,
483 2411 501 2441 3
521 2414 622 2442 Partes
641 2414 707 2443 fove
727 2416 821 2444 sancti
839 2416 939 2454 patris.
