1655 2573
705 148 961 183 ——229—

184 239 264 272 316.
278 238 416 279 Istisque
440 242 487 273 sie
512 243 697 275 examinatis

275 285 320 319 Et
341 287 466 325 plenius
492 289 700 321 consideratis

326 333 470 367 Ulterius
495 346 558 368 non
584 336 709 368 differat

279 380 476 413 Sententiam
506 381 707 416 diffinitivam

278 426 440 468 Proferre‚
466 430 534 461 litis
561 430 741 470 decisivam,

324 473 390 507 Sed
416 476 507 508 citius
531 477 614 509 banc
636 476 790 517 proferat,

184 558 263 592 317.
279 559 330 590 Ac
352 561 490 599 partium
516 561 677 593 ambarum
703 571 768 603 ora,

278 605 402 639 Laxata
427 616 558 647 quarum
586 611 677 639 erant
700 609 778 648 lora,

323 652 497 686 Refraenet
521 655 618 686 suetis
642 655 792 696 moribus,

277 699 409 731 Taxatis
434 701 527 733 simul
553 703 585 731 et
608 702 774 740 perpensis

277 745 410 778 Victn'ci
436 747 550 779 victam
575 747 607 778 in
633 748 779 787 expensis

326 793 522 826 condemnat
546 797 576 825 et
601 794 775 828 laboribus.

186 879 264 912 318.
278 878 338 911 His
356 879 437 911 actis
453 880 550 911 iudex
567 880 662 911 laude
680 881 801 920 dignus,

277 926 336 958 Vir
348 926 494 965 clemens,
506 926 591 958 mitis
602 927 802 968 etbenignus,

327 972 529 1005 Certantibus
563 974 755 1012 compatiens

278 1019 437 1052 Iustitiam
464 1028 533 1051 cum
558 1021 718 1059 aequitate

281 1066 365 1097 Hinc
388 1066 464 1098 inde
490 1076 558 1098 cum
580 1066 775 1107 benignitate

326 1113 372 1145 Ut
395 1116 562 1156 temperet,
590 1114 639 1145 vir
663 1115 787 1154 patiens

184 1191 263 1223 319.
277 1189 354 1221 Tam
393 1190 527 1222 testibus
560 1199 654 1229 quam
686 1191 802 1221 instru-

578 1237 691 1268 mentis

280 1283 541 1324 Quibuslibetque
564 1284 766 1316 munimentis

328 1330 482 1362 Deductis
508 1334 540 1362 et
564 1331 748 1372 propositis,

280 1378 448 1420 PerlectiS,
476 1379 551 1410 visis
576 1379 763 1417 luculenter,

279 1424 477 1457 Examinatis
503 1425 671 1465 diligenter

329 1471 405 1503 Cum
432 1472 564 1512 singulis
591 1472 753 1512 depositis,

183 1549 263 1581 320.
279 1546 498 1580 Consideratis
523 1549 739 1580 auscultandis

274 1594 319 1627 Et
343 1595 520 1627 observatis
545 1595 763 1635 observandis,

323 1642 359 1673 In
386 1645 536 1682 quantum
562 1645 609 1674 est
632 1644 666 1674 in
688 1643 800 1684 omine,

278 1687 403 1720 Favore
426 1690 537 1729 quovis
562 1692 768 1730 posttergato,

274 1735 398 1768 Devote
420 1737 509 1776 prius
534 1738 679 1768 invocato

322 1782 460 1823 Superni
483 1785 567 1824 regis
592 1784 728 1825 nomine,

184 1860 264 1893 321.
280 1859 333 1891 Sic
357 1863 391 1890 ut
417 1860 575 1892 exstincta
598 1860 664 1891 litis
690 1859 762 1893 face

278 1906 340 1939 Pro
362 1907 507 1948 partibus
532 1908 564 1939 in
591 1907 673 1940 bona
696 1917 775 1948 pace

324 1954 387 1986 Res
412 1957 556 1987 transeat
579 1956 756 1995 aequaliter

277 2000 352 2033 Cum
378 2002 585 2034 discretorum
609 2011 799 2035 assessorum

277 2049 478 2090 Consilioque
502 2050 676 2090 peritorum

325 2096 486 2129 Decernat
511 2106 628 2137 aequus
654 2098 792 2130 arbiter:

182 2174 263 2208 322.
278 2173 356 2207 Cum
378 2174 533 2213 positivus
558 2174 724 2218 gratiosus,

275 2219 442 2262 Pacificas,
470 2221 711 2262 compendiosus

324 2268 373 2300 Sit
397 2269 539 2301 nutriens
566 2269 779 2310 concordiam,

277 2315 519 2356 Comparativus
545 2316 683 2358 odiosus,

277 2362 482 2404 Superbiens,
508 2364 732 2405 contentiosus,

324 2411 510 2443 Parturicns
536 2412 739 2453 discordiam,

862 245 940 277 323.

864 563 940 595 324.

863 882 941 913 325.

863 1191 940 1223 326.

862 1503 939 1534 327.

860 1814 939 1847 328.

861 2128 941 2160 329.

955 245 1000 276 Et
1008 253 1166 285 proceres,
1181 254 1240 284 pro
1250 246 1361 285 quibus
1370 248 1478 285 partes

955 291 1023 323 Has
1043 292 1242 331 disceptandi
1262 293 1369 324 colunt
1382 296 1476 332 artes,

1002 338 1048 371 Ut
1072 338 1191 371 socium
1217 348 1286 370 cum
1311 339 1396 371 socio

957 385 1116 425 Coaequet
1139 386 1191 416 lex
1216 385 1423 425 professionis

955 431 999 463 Et
1023 431 1134 464 similis
1160 431 1365 465 confessionis

1002 481 1051 512 Ac
1070 479 1146 511 fidei
1171 480 1307 520 devotio,

956 564 1002 597 Ut
1026 563 1196 604 positivum
1223 566 1419 604 comitentur,

956 610 1210 650 Comparativum
1238 612 1443 652 detestentur,

1002 657 1068 689 Soli
1093 658 1398 696 praecellentissimo

955 702 1153 742 Superlativo
1179 708 1339 737 reservato

958 748 1120 781 Caelorum
1147 751 1213 790 regi
1237 754 1426 791 praerogato

1002 796 1131 829 Honore
1155 797 1388 838 sublimissimo,

956 882 1129 921 Apostolus
1155 891 1225 913 cum
1249 883 1309 916 hoe
1333 886 1477 921 testetur,

955 928 1044 968 Quod
1070 928 1229 968 quaelibet
1254 932 1423 962 evacuetur

1003 975 1041 1007 111
1066 975 1189 1014 superis
1215 978 1380 1019 praelatio,

955 1020 999 1052 Et
1023 1022 1108 1054 solus
1132 1022 1188 1053 ille
1213 1027 1389 1063 veneretur,

956 1067 1015 1105 Qui
1041 1069 1179 1100 claustra
1204 1071 1309 1102 cordis
1327 1072 1477 1111 intuetur,

1004 1115 1101 1154 Quem
1126 1116 1214 1155 angit
1237 1126 1296 1148 nec
1321 1117 1426 1151 elatio.

956 1191 1033 1223 Cum
1058 1191 1202 1231 partibus
1228 1195 1372 1225 eventum
1396 1193 1462 1224 litis

956 1237 1164 1277 Sperantibus
1190 1239 1236 1270 sic
1261 1241 1301 1271 de
1322 1240 1430 1279 petitis

1001 1285 1180 1325 imponitur
1204 1286 1363 1318 silentlum

955 1333 1156 1364 Auctoritate
1180 1333 1349 1365 iudicantis

956 1379 1212 1419 Sententiamque
1238 1379 1451 1412 confirmantis

1003 1427 1065 1458 Per
1089 1426 1189 1465 legem
1216 1427 1304 1458 ducis
1326 1427 1473 1468 gentium,

954 1502 993 1534 In
1017 1502 1153 1534 invicem
1180 1502 1374 1534 deliberatae

955 1549 1010 1581 Sic
1020 1552 1129 1588 partes
1139 1549 1264 1582 dicunt:
1278 1550 1480 1582 Protestatae

1000 1596 1071 1628 Hoc
1096 1605 1201 1627 sumus
1226 1597 1266 1628 ab
1290 1597 1392 1635 initio,

954 1643 1044 1683 Quod
1068 1643 1164 1675 iudex
1188 1643 1271 1675 iuste
1295 1643 1449 1676 iudicabit

954 1691 998 1722 Et
1021 1692 1109 1722 litem
1135 1691 1201 1722 solo
1226 1690 1409 1723 terminabit

1000 1737 1146 1771 Iustitiae
1169 1738 1299 1779 iudicio,

952 1814 1016 1846 Sed
1042 1823 1082 1846 ex
1105 1822 1167 1854 quo
1190 1823 1253 1845 non
1279 1814 1321 1846 de
1340 1814 1477 1854 positivo

953 1861 1009 1893 Lis
1035 1861 1133 1893 currit
1158 1862 1214 1893 sed
1241 1861 1467 1903 comparativo,

1002 1908 1048 1941 Ut
1071 1908 1192 1939 meritis
1217 1909 1370 1948 insignior

954 1957 1121 1996 Appareat
1144 1955 1229 1986 inter
1255 1956 1397 1993 dilectos,

955 2003 1083 2035 Amicos
1105 2005 1230 2034 nostros
1255 2003 1462 2043 praeelectos,

1001 2051 1076 2089 Quis
1101 2049 1203 2081 maior
1226 2050 1269 2081 sit
1293 2053 1326 2081 et
1343 2049 1477 2091 dignior,

953 2127 997 2159 Et
1029 2127 1145 2167 iudex,
1179 2128 1275 2166 prout
1308 2129 1354 2157 est
1388 2135 1480 2165 prae-

1258 2174 1397 2212 missum,

956 2222 998 2254 Se
1009 2229 1137 2262 gravem
1150 2220 1260 2252 reddit
1272 2224 1304 2252 et
1316 2220 1481 2253 remissum

1003 2268 1230 2301 Sententiando
1255 2268 1364 2300 taliter

956 2316 1006 2348 De
1030 2325 1066 2348 re
1091 2325 1154 2349 non
1181 2316 1275 2348 ducta
1300 2324 1405 2347 coram
1432 2323 1479 2353 eo,

956 2364 1118 2396 Delictum
1143 2372 1240 2404 grave
1265 2372 1369 2394 coram
1393 2361 1463 2393 Deo

1005 2411 1208 2444 committens
1233 2410 1401 2442 actualiter
