1655 2573
671 136 926 173 —133—

564 228 631 260 258.
665 229 708 260 De
729 230 839 260 sancta
861 228 1035 270 Apollonia.

245 288 363 321 Sancta
386 289 571 329 Apollonia,

249 335 366 367 Christi
393 336 482 375 virgo
504 336 626 375 inclita,

245 382 334 422 Rogo
360 390 419 423 per
443 386 531 414 tuum
558 383 710 425 dolorem,

247 430 346 468 Quem
370 433 405 461 tu
431 430 470 461 ob
490 430 609 463 Christi
633 439 771 462 amorem

212 501 218 508 .
247 476 346 509 Passa
371 485 414 516 es,
443 477 517 508 dum
539 480 614 508 sunt
628 478 771 517 percussi

246 523 367 555 Dentes
392 524 439 554 tui
466 527 498 555 et
522 525 654 555 excussi.

248 571 352 614 Unde,
380 571 479 611 virgo,
504 574 628 609 martyr
651 570 722 611 Dei,

244 617 410 658 Miserere,
436 626 560 657 precor,
587 618 656 660 mei,

247 660 326 707 [Ac]
352 673 372 695 a
397 663 537 694 dentium
562 663 671 695 dolore

165 711 218 743 10.
245 710 290 742 Et
314 710 353 741 ab
380 710 516 741 hostium
542 708 650 741 furore

845 478 898 510 15.

923 289 978 321 Me
1004 287 1150 329 defende,
1176 289 1265 328 virgo
1287 287 1370 330 pias

924 336 1051 368 Doloris
1079 336 1218 368 dentium
1243 336 1316 367 bria

924 383 973 414 Ne
999 383 1140 422 excedat,
1164 392 1223 423 pro
1247 391 1297 414 me
1321 391 1378 413 ora

923 429 1037 462 Finem
1060 430 1177 461 bonum
1200 432 1232 460 et
1253 429 1398 469 implora.

927 477 1022 517 Virgo
1048 477 1169 509 Christi
1194 477 1328 516 egregia,

924 523 988 555 Pro
1013 523 1104 555 nobis
1124 523 1305 565 Apollonia,

923 570 1038 602 Funde
1064 579 1175 609 preces
1200 570 1241 601 ad
1266 570 1447 612 Dominum,

924 616 974 648 Ne
998 625 1056 656 pro
1081 621 1170 649 reatu
1195 617 1359 648 criminum

925 663 1083 695 Vexemur
1106 664 1138 695 in
1164 668 1359 703 perpetuum.

228 766 308 793 orat.
330 774 384 792 ms.
406 764 590 792 Carthusian.
612 773 686 792 saec.
711 763 753 791 15.
793 763 863 791 cod.
886 764 980 800 Capit.
1003 766 1150 793 Treviren.
1174 762 1236 792 116.

524 836 590 868 259.
620 837 654 868 ln
674 836 833 867 Divisione
852 836 1078 876 Apostolorum.

189 924 195 931 .
225 898 346 937 Gaude,
373 897 488 936 Maria,
514 896 568 937 pia
592 897 710 937 nutrix,

225 945 451 986 Apostolorum
473 947 511 975 tu
533 943 698 983 imbutrix,

271 991 445 1023 Doctrinae
470 991 526 1022 das
551 991 696 1030 registra,

223 1039 261 1070 In
287 1039 420 1070 caritate
444 1038 488 1069 sis
513 1037 650 1076 alumna,

221 1085 341 1116 Nostra
364 1086 408 1117 sis
431 1085 464 1115 in
489 1092 548 1124 spe
573 1084 726 1122 columna,

271 1132 310 1163 In
334 1131 399 1164 fide
422 1132 466 1163 sis
491 1130 654 1170 magistra,

187 1227 192 1233 .
221 1203 346 1245 Gaude,
371 1202 490 1241 Simon,
515 1202 610 1234 Petre
636 1201 772 1242 CephaS,

223 1250 323 1282 Omne
352 1249 441 1281 solve
464 1251 607 1280 nostrum
631 1247 722 1279 nefas

270 1296 322 1328 Ex
346 1299 401 1328 tua
424 1295 661 1336 praecellentia,

224 1344 383 1382 Principis
407 1343 519 1374 mundi
542 1351 662 1373 summe
684 1343 771 1381 prin-

549 1397 633 1429 ceps,

220 1438 336 1469 Vivere
360 1436 451 1469 nobis
479 1437 521 1468 da
548 1436 697 1474 deinceps

267 1484 304 1515 In
330 1492 408 1516 vera
431 1483 638 1523 paenitentia.

188 1583 194 1589 .
221 1556 342 1595 Gaude,
371 1564 425 1587 vas
451 1555 595 1594 electum,
623 1554 730 1591 Paule,

222 1602 347 1635 Gaudia
373 1602 517 1634 caelestis
543 1601 634 1632 aulae

270 1649 479 1682 Praevideras
504 1649 682 1689 perspicue,

219 1697 272 1730 Ad
298 1697 359 1728 hoc
382 1705 508 1737 semper
532 1696 691 1734 anhelare,

217 1744 334 1777 Mundi
358 1745 468 1776 doctor
493 1753 512 1776 0
535 1743 710 1784 praeclare,

267 1791 379 1823 Edoce
403 1800 461 1823 nos
486 1789 637 1831 proficue.

187 1885 193 1891 .
225 1858 346 1898 Gaude,
372 1857 530 1897 Andreas,
558 1859 592 1887 tu
616 1859 754 1888 sectatus

221 1905 379 1938 Christum
392 1905 506 1945 primo,
520 1912 649 1936 manens
663 1906 770 1943 gratus

265 1953 301 1986 In
329 1953 395 1984 eius
420 1951 612 1991 habitaculo,

219 2001 286 2033 Nos
309 2000 345 2032 in
365 2002 495 2040 peccato
521 2001 585 2032 iam
609 1999 724 2031 seniles

220 2047 273 2080 Ad
297 2048 385 2080 iussa
412 2047 532 2079 Christi
556 2045 609 2078 fac
635 2046 742 2079 viriles

267 2095 359 2128 Omni
384 2096 496 2136 procul
519 2094 690 2127 obstaculo.

184 2188 190 2195 .
220 2163 340 2203 Gaude,
366 2161 482 2195 Iacobe
506 2161 674 2203 Zebedaei,

219 2210 278 2250 Qui
302 2210 424 2250 primus
456 2210 541 2242 inter
564 2207 682 2240 fratres
707 2208 766 2239 Dei

263 2258 413 2292 Polorum
439 2256 567 2289 scandis
592 2257 727 2291 moenia,

217 2307 266 2338 Tu
293 2306 481 2338 daemonum
505 2304 650 2346 agnoscis
675 2304 750 2343 iras,

217 2355 356 2394 Quorum
380 2353 509 2386 vincere
532 2352 635 2385 luctas
663 2351 750 2383 diras

264 2400 333 2434 Fac
355 2409 414 2433 nos
438 2400 570 2432 obtenta
593 2399 697 2432 venia.

870 897 900 930 6.

839 2160 893 2193 10.

929 896 1048 939 Gaude,
1062 897 1228 936 Iohannes,
1244 898 1297 937 qui
1308 897 1448 928 custodis

926 943 1063 975 Matrem
1087 943 1148 975 Dei
1169 946 1201 975 et
1224 943 1333 976 effodis

973 990 1105 1022 Causam
1130 990 1230 1023 omnis
1257 990 1420 1029 essentiae,

926 1036 994 1068 Nos
1025 1046 1100 1069 cura
1124 1040 1227 1070 castos
1252 1037 1421 1078 custodire,

924 1083 1086 1116 Ardenter
1109 1083 1230 1116 fontem
1256 1084 1297 1116 da
1320 1084 1410 1115 sitire

970 1130 1107 1163 Divinae
1131 1130 1315 1171 sapientiae.

925 1185 1045 1227 Gaude,
1068 1187 1198 1226 Thoma,
1224 1186 1301 1218 fidei
1317 1185 1446 1227 fractor,

924 1233 987 1265 Sed
1023 1238 1097 1274 post
1130 1235 1295 1266 vulnerum
1330 1233 1448 1265 Christi

1223 1283 1336 1320 tactor,

970 1328 1094 1359 Primus
1119 1326 1184 1359 fide
1210 1327 1373 1367 certificas,

922 1373 990 1405 Tuo
1015 1374 1109 1406 dubio
1134 1383 1191 1407 nos
1216 1374 1356 1414 beamur,

925 1419 976 1452 Da
999 1421 1032 1452 in
1058 1429 1197 1452 errorem
1221 1430 1261 1452 ne
1285 1420 1429 1453 labamur

969 1467 1038 1499 Nec
1069 1467 1102 1499 in
1128 1477 1246 1508 poenas
1270 1466 1445 1500 horrificas.

926 1524 1047 1565 Gaude,
1062 1525 1189 1565 Iacobe,
1204 1523 1306 1556 frater
1320 1523 1447 1567 Christi,

924 1572 1061 1603 Vocatus
1086 1571 1186 1604 iustus
1212 1572 1266 1611 qui
1290 1571 1379 1603 fuisti

969 1620 1053 1651 Prae
1076 1620 1246 1651 sanctitate
1267 1619 1374 1661 nimia,

922 1665 989 1698 Fac
1006 1674 1133 1698 carnem
1151 1669 1292 1698 nostram
1305 1666 1351 1698 sic
1362 1675 1447 1698 mar-

1225 1722 1305 1756 cere,

926 1760 1020 1792 Mens
1049 1762 1134 1792 intus
1158 1764 1194 1793 ut
1217 1762 1320 1800 possit
1344 1761 1451 1800 vigere

969 1808 1128 1840 Virtutum
1153 1808 1194 1841 ad
1220 1808 1377 1842 sublimia.

921 1864 1044 1905 Gaude,
1062 1864 1224 1906 Philippe,
1237 1870 1351 1897 summi
1364 1870 1447 1905 regis

922 1912 959 1945 In
985 1911 1124 1944 famelici
1148 1915 1242 1953 pastu
1267 1912 1370 1952 gregis

967 1959 1086 1991 Factus
1113 1960 1321 2002 consiliarius,

922 2007 1063 2039 Ostende
1082 2007 1176 2039 nobis
1197 2007 1318 2038 vultum
1335 2007 1448 2046 patris,

919 2054 970 2087 Ne
999 2053 1144 2087 faucibus
1176 2063 1233 2086 nos
1259 2056 1349 2087 voret
1371 2054 1449 2085 atris

966 2101 1072 2134 Draco
1098 2102 1310 2136 adversarius,

922 2159 1044 2202 Gaude,
1069 2158 1324 2201 Bartholomaee,
1349 2160 1427 2198 tute,

921 2206 1004 2240 Nam
1029 2215 1088 2249 pro
1116 2207 1260 2239 detracta
1284 2209 1339 2238 tua
1363 2208 1434 2237 cute

968 2254 1104 2287 Vestiris
1129 2255 1211 2287 stola
1235 2254 1363 2296 gloriae,

923 2303 1052 2335 servire
1075 2301 1144 2335 Deo
1169 2310 1227 2334 nos
1249 2302 1376 2341 instiga,

921 2350 1055 2383 Hostem
1079 2352 1222 2381 nostrum
1246 2347 1362 2380 fortem
1385 2348 1450 2387 liga

969 2398 1113 2429 Palmam
1139 2396 1244 2428 dando
1268 2395 1431 2429 victoriae,
