1655 2573
722 147 978 186 —170——

300 249 347 282 'Et
369 258 427 290 pro
455 249 536 282 dotis
558 257 687 281 munere
972 244 1168 285 Margaritae
1190 242 1337 283 mundae,

223 298 277 330 70.
305 297 504 337 Receperunt
527 296 653 337 quidem
975 290 1144 331 Christum,
1163 299 1311 330 sponsum
1330 288 1495 328 castitatis,

301 342 410 376 Vitam
434 344 502 374 sine
524 342 656 375 termino
891 340 945 371 80.
974 337 1035 369 Pro
1059 347 1110 369 me
1136 338 1316 376 deprecate,

304 391 379 422 Cum
404 390 526 430 virgine
550 390 651 430 beata,
972 384 1087 416 Natam
1113 393 1251 416 summae
1274 382 1448 415 maiestatis

302 437 387 475 Quae
411 440 443 468 et
467 438 551 467 serto
577 444 670 467 aureo
971 431 1125 464 Precibus
1148 431 1284 472 pulsate,

301 483 419 515 Exstat
438 485 596 514 coronata.
973 479 1020 511 Ut
1042 481 1116 518 post
1138 479 1221 510 hanc
1245 476 1403 509 miseriam

221 531 274 562 75.
300 529 371 561 Hoc
394 529 591 569 praeclarum
616 527 781 566 canticum,
973 525 1054 556 Mihi
1083 526 1125 557 sit
1148 527 1270 565 parata,

301 574 449 615 Virgines
472 575 637 616 iucundae,
893 573 949 606 85.
973 572 1025 603 Ad
1049 573 1214 604 caelestem
1239 571 1375 611 patriam

303 622 403 654 Nobis
428 622 471 653 sit
494 622 679 662 angelicum,
971 619 1028 650 Me
1056 620 1150 652 ducat
1173 618 1275 652 beata.

285 695 363 722 Orat.
384 703 436 722 ms.
458 694 640 722 Carthusian.
660 701 734 721 saec.
757 692 800 721 15.
840 693 908 720 Cod.
930 693 1023 728 Capit.
1043 693 1191 720 Treviren.
1215 689 1275 718 116.

610 821 669 853 319.
699 820 742 853 De
761 823 869 853 sancta
890 821 1090 853 Scholastica.

223 913 255 945 1.
280 911 395 943 Sancta
420 911 508 950 virgo
535 910 736 947 Scholastica,
893 912 924 943 4.
950 910 1067 942 Vivens
1091 909 1160 940 sine
1183 908 1324 948 maculis,

281 958 366 996 Quae
389 957 497 990 vitasti
520 957 721 997 phantastica
951 955 1156 995 Praetulgens
1180 955 1339 987 miraculis

327 1006 430 1037 Huius
455 1004 564 1035 mundi
588 1003 712 1044 gaudia,
974 1003 1044 1034 Tua
1068 1001 1245 1044 sanctitate,

280 1051 426 1082 Fratrem
440 1059 572 1089 sequens
584 1058 692 1082 verum
704 1050 823 1082 ducem,
953 1049 1029 1082 Cum
1053 1049 1199 1089 precibus
1225 1051 1255 1079 et
1279 1047 1419 1080 lacrimis

282 1097 512 1136 Amplectendo
538 1096 654 1130 Christi
680 1105 812 1131 erucem,
951 1096 1120 1135 Imperasti
1138 1093 1311 1134 nubeculis,

328 1144 546 1182 Relinquendo
571 1143 683 1176 omnia.
998 1142 1073 1174 Cum
1097 1142 1259 1174 hilaritate

224 1211 255 1243 2.
283 1209 402 1240 Ducem
427 1213 569 1240 sanctum
594 1208 824 1250 monachorum,
897 1209 926 1241 5.
952 1208 1037 1240 Dent
1061 1208 1185 1247 pluvias
1211 1215 1279 1238 cum
1305 1206 1424 1238 tonitru

281 1255 398 1295 Regem
428 1263 559 1294 sequens
585 1256 779 1286 saeculorum
952 1254 1131 1286 Horribiles
1155 1255 1188 1286 in
1213 1254 1317 1285 sonitu

327 1302 371 1334 Et
393 1302 543 1334 virtutum
568 1302 737 1341 speculum,
999 1301 1137 1341 Fulgure
1160 1301 1297 1332 micante

281 1348 498 1388 Benedictum,
524 1353 609 1388 pium
634 1351 756 1388 patrem
954 1347 1000 1380 Ob
1025 1347 1094 1387 hoc,
1120 1350 1156 1379 ut
1179 1347 1280 1379 frater
1302 1348 1429 1378 maneat

284 1396 333 1426 Ac
359 1395 507 1426 dilectum
530 1398 618 1426 tuum
642 1394 785 1434 fratrem,
953 1394 998 1426 Et
1021 1397 1157 1425 mentem
1180 1396 1264 1426 tuam
1290 1394 1426 1425 mulceat

329 1441 546 1473 Detestantem
571 1442 738 1474 saeculum.
1000 1440 1151 1473 Sermone
1173 1440 1242 1472 Deo
1269 1441 1373 1472 dante.

225 1507 255 1539 3.
281 1506 400 1539 Christi
423 1514 555 1545 sequens
579 1509 807 1546 paupertatem,
896 1509 926 1539 6.
951 1505 1031 1537 Post
1053 1507 1132 1537 haec
1156 1504 1249 1538 fratri
1273 1505 1433 1538 revelatur

283 1552 400 1584 Matris
424 1561 500 1584 suae
523 1553 699 1584 castitatem
952 1554 1032 1586 Cum
1053 1553 1158 1585 anima
1181 1553 1323 1585 elevatur

330 1600 404 1631 Cum
430 1599 614 1636 humilitate,
999 1600 1038 1631 In
1064 1599 1225 1631 columbae
1249 1601 1364 1639 specie.

283 1646 345 1677 Per
370 1647 481 1678 donum
508 1646 680 1685 pudicitiae
951 1646 1062 1678 Dulcis
1087 1650 1189 1678 mater
1214 1649 1245 1677 et
1268 1650 1423 1686 matrona,

282 1692 373 1724 Viam
396 1700 530 1732 pergens
551 1692 691 1724 iustitiae
953 1693 1029 1733 Fac,
1056 1694 1139 1733 quod
1164 1697 1255 1724 ornet
1277 1703 1334 1726 nos
1360 1702 1477 1725 corona

328 1740 366 1771 ln
387 1739 599 1778 simplicitate.
999 1739 1078 1771 Post
1100 1741 1199 1773 vitam
1214 1740 1298 1772 hanc
1311 1741 1499 1774 maestitia-e.

289 1812 367 1839 Orat.
391 1820 443 1839 ms.
472 1812 654 1840 Carthusian.
687 1820 761 1840 saec.
790 1810 833 1841 15.
876 1813 944 1840 Cod.
975 1813 1069 1848 Capit.
1099 1814 1247 1842 Treviren.
1279 1813 1341 1843 116.
1370 1829 1409 1834 —-
1438 1814 1463 1849 6,
1483 1814 1503 1843 4

212 1852 236 1879 O
257 1850 349 1877 dulcis
368 1851 468 1877 mater.

632 1978 701 2010 320.
730 1979 774 2010 De
793 1980 900 2010 sancto
921 1979 1080 2011 Silvestro.

285 2065 447 2104 Silvester,
475 2064 590 2097 Christi
614 2065 767 2107 pontifex,
977 2068 1061 2101 Dum
1085 2070 1219 2101 Iudaeos
1242 2071 1400 2110 superasti

287 2112 349 2143 Per
373 2119 465 2151 quem
487 2114 624 2145 cessavit
641 2113 726 2144 mala
748 2114 812 2153 lex,
899 2115 954 2148 10.
978 2116 1023 2148 Et
1044 2116 1079 2147 in
1102 2115 1168 2148 fide
1190 2116 1359 2160 roborasti,

285 2157 362 2189 Cum
382 2159 423 2190 ad
444 2157 541 2190 fidem
565 2161 638 2191 Iesu
664 2159 781 2191 Christi
979 2161 1097 2201 Legem
1123 2164 1196 2195 dum
1220 2163 1394 2198 Mosaicam

286 2205 451 2236 Caesarem
477 2208 511 2235 tu
536 2206 729 2246 convertisti,
978 2208 1111 2240 Mutasti
1131 2210 1164 2241 in
1186 2211 1331 2251 gratiam,

229 2250 259 2283 5.
285 2250 375 2281 Tunc
400 2252 431 2282 et
456 2253 559 2282 cuncti
584 2252 737 2292 Spartiati
980 2253 1177 2295 synagogam
1201 2257 1397 2297 reliquerunt

284 2297 346 2328 Per
370 2297 561 2337 baptismum
585 2301 659 2329 sunt
681 2300 793 2332 renati.
978 2300 1024 2333 Et
1044 2301 1079 2333 in
1102 2303 1263 2335 Christum
1287 2304 1503 2341 crediderunt.

285 2344 421 2384 Augusti
445 2347 547 2376 mater
572 2348 604 2376 et
626 2345 751 2378 Helena
901 2348 954 2381 15.
981 2348 1142 2388 Augustus
1166 2349 1249 2382 lotus
1275 2352 1314 2384 ab
1338 2352 1434 2385 idolis

286 2391 349 2424 Per
373 2395 404 2423 te
429 2393 570 2425 conversi
595 2391 660 2424 fide
679 2393 787 2435 plena,
979 2395 1077 2428 Dedit
1103 2397 1251 2437 gaudium
1277 2399 1479 2436 christicolis.
