1655 2573
771 164 1028 202 —138-—

288 290 295 296 .
322 262 428 303 Salve,
455 272 576 304 gemma
601 263 727 303 gloriae.

369 311 546 351 Margarita
573 310 699 350 nobilis,

325 359 466 391 Palmam
492 357 531 389 ob
561 357 710 389 victoriae

367 404 503 437 Certasti
528 404 708 435 immobilis.

289 487 296 493 .
324 462 427 499 Salve,
458 463 548 499 pater
573 460 756 498 Benedicte,

370 507 487 538 Noster
514 507 577 538 dux
603 510 635 538 et
658 505 782 546 legifer,

323 554 466 584 Virtutes
492 553 579 583 cuius
604 553 742 584 invictae

371 599 547 638 Splendent
572 599 653 630 sicut,
676 598 800 630 lucifer.

291 680 298 687 .
326 655 428 694 Salve,
455 655 539 686 salus
564 655 759 687 miserorum.

372 702 454 741 Quos
478 702 613 733 mundus
637 702 750 733 abiecit

325 749 365 780 Et
392 751 552 787 protector
572 748 776 782 infirmorum.

373 795 455 833 Quos
469 798 512 836 -et
534 795 586 827 lex
609 794 729 826 refecit.

940 264 971 295 6.
997 261 1100 301 Salve,
1127 261 1216 293 miles
1242 259 1355 293 summi
1379 257 1473 300 regis,

1044 308 1140 347 Quem
1166 308 1308 342 Christus
1334 307 1505 343 coronavit,

995 355 1037 387 Et
1062 356 1199 396 glosator
1222 363 1323 387 novae
1346 354 1435 394 legis,

1045 403 1141 441 Quam
1165 402 1235 441 ipse
1258 402 1466 442 praedicavit.

940 461 969 491 7.
997 458 1100 498 Salve,
1126 457 1229 490 forma
1248 458 1389 489 virtuosa

1044 507 1146 537 Verae
1170 505 1378 544 paupertatis,

999 552 1116 584 Forma
1139 552 1311 591 splendens
1336 551 1422 583 velut
1449 559 1522 582 rosa

1044 599 1234 631 Rubicunda
1258 599 1345 632 satis,

939 658 971 689 8.
997 655 1048 687 Da
1071 655 1162 686 nobis
1188 654 1456 693 contemptoribus

1044 701 1166 741 Spretis
1191 701 1301 733 mundi
1324 699 1466 740 floribus,

996 749 1040 780 Ut
1065 749 1126 787 piis
1152 748 1247 779 castis
1273 747 1413 779 moribus

1042 795 1130 827 Caeli
1154 798 1271 825 stemus
1294 793 1424 826 foribus.

334 859 413 887 Orat.
437 867 489 886 ms.
511 858 694 886 Carthusian.
716 867 790 885 saec.
813 857 857 885 15.
879 858 946 885 Coa.
968 859 1061 893 Capit.
1081 858 1229 885 Treviren.
1252 856 1314 884 116.

591 948 655 979 266.
679 949 722 979 De
742 957 782 979 ss.
807 948 970 979 Benedicto
995 950 1025 979 et
1044 948 1214 979 Bernardo.

296 1045 302 1052 .
328 1018 414 1050 Almi
438 1020 545 1057 patres
570 1018 730 1057 regulares

327 1065 551 1096 Monachorum
576 1064 758 1103 singulares.

373 1113 486 1143 Astate
509 1120 567 1150 pro
591 1109 664 1142 filiis

327 1158 371 1189 Et
394 1166 451 1197 per
475 1166 586 1196 preces
609 1158 762 1188 salutares

329 1205 460 1236 Vestros
484 1211 639 1243 pauperes
664 1204 824 1235 scholares

376 1251 486 1282 Iuvate
507 1250 642 1282 auxiliis.

293 1333 299 1339 .
324 1307 372 1338 Ut
394 1307 426 1337 in
452 1306 560 1337 schola
583 1306 643 1336 hac
669 1307 817 1345 degentes

325 1353 425 1385 Recte
449 1353 545 1383 simus
569 1353 751 1384 incedentes

376 1400 487 1431 Vestra
510 1407 568 1438 per
592 1400 734 1441 vestigia,

328 1447 457 1477 Yestras
482 1448 566 1476 artes
590 1446 800 1485 addiscentes,

332 1492 384 1524 Sic
408 1500 466 1532 per
491 1491 608 1523 scalam
632 1492 837 1524 ascendentes

376 1539 537 1570 Virtutum
562 1536 697 1578 fastigia.

270 1616 277 1621 .
293 1618 300 1624 .
327 1595 508 1636 Benedicte,
534 1597 587 1636 pie
611 1600 696 1628 sator

328 1641 508 1675 Sanctitatis
535 1647 567 1674 et
590 1646 718 1684 amator,

377 1688 484 1721 Places
508 1690 617 1721 mundi
643 1690 800 1726 cordibus,

327 1734 484 1767 Vitiorum
514 1737 705 1775 exstirpator

328 1781 370 1813 Et
397 1782 546 1814 virtutum
573 1783 767 1822 replantator

377 1828 479 1860 Pulsis
505 1830 624 1861 cunctis
649 1829 804 1861 sordibus.

299 1909 304 1915 .
332 1884 390 1915 Tui
416 1886 549 1917 nominis
573 1886 704 1925 insignis

330 1931 454 1963 Titulus
479 1935 536 1972 est,
562 1941 633 1963 nam
658 1932 800 1972 benignis

377 1979 545 2018 Prophetis
570 1979 728 2011 veteribus

331 2025 394 2057 Par
419 2033 451 2056 es
476 2030 510 2057 tu
534 2027 564 2057 in
590 2026 697 2058 multis
724 2026 826 2065 dignis

334 2071 433 2104 Simul
457 2073 570 2112 spiritu
595 2076 626 2104 et
649 2073 746 2112 signis

375 2120 425 2150 Ac
449 2119 565 2151 sanctis
590 2119 747 2159 operibus.

296 2198 303 2205 .
328 2174 441 2205 Heliae
466 2183 558 2206 corvo
583 2175 729 2215 iubendo,

329 2221 425 2252 Petra
449 2221 555 2261 Moysi
581 2221 723 2252 ducendo

378 2267 501 2306 Aquam
524 2266 620 2298 fontis
643 2267 738 2308 avidi,

330 2313 443 2346 Fundo
468 2313 587 2345 ferrum
612 2314 815 2355 extrahendo,

331 2360 440 2393 Hostis
464 2364 594 2393 mortem
622 2361 839 2402 deplangendo

376 2408 537 2453 Helisaeo,
563 2408 690 2441 Davidi.

941 1020 973 1050 6.
997 1018 1111 1050 Mundi
1135 1016 1240 1049 floridi
1269 1017 1445 1058 despector,

998 1065 1218 1097 Perscrutator
1243 1066 1274 1094 et,
1298 1064 1440 1095 detector

1047 1110 1195 1143 Cordium
1219 1110 1394 1151 latentium,

998 1157 1058 1189 Dei
1083 1158 1202 1198 gloriae
1224 1157 1397 1199 inspector,

998 1204 1051 1235 Ad
1072 1204 1206 1235 salutem
1231 1212 1263 1234 es
1290 1206 1413 1235 erector

1048 1251 1222 1290 Corporum
1247 1253 1277 1281 et
1301 1250 1462 1284 mentium.

966 1331 972 1337 .
998 1307 1144 1339 Elisaeus
1169 1309 1206 1338 ut
1228 1306 1333 1338 Eliam

1000 1353 1130 1385 Secutus
1154 1362 1212 1393 per
1236 1362 1358 1384 omnem
1382 1353 1465 1384 viam

1046 1400 1251 1440 Nequaquam
1278 1400 1425 1440 deseruit,

999 1448 1053 1479 Ad
1077 1447 1342 1479 transvectionem
1368 1447 1452 1478 diam

1001 1494 1154 1533 Spiritum
1181 1502 1239 1533 per
1263 1502 1390 1533 precem
1414 1495 1500 1534 piam

1046 1540 1213 1579 Duplicem
1237 1541 1420 1582 promeruit,

966 1623 972 1629 .
1000 1597 1063 1635 Sic,
1088 1596 1262 1636 Bernarde,
1288 1600 1375 1628 recte
1398 1600 1494 1639 tutus,

999 1642 1143 1675 Perfecte
1167 1643 1208 1675 ad
1233 1644 1333 1675 omnis
1358 1646 1451 1675 nutus

1047 1690 1244 1722 Declinando
1275 1691 1377 1731 devia,

999 1737 1204 1769 Benedictum
1229 1745 1262 1768 es
1287 1742 1419 1780 secutus,

1001 1785 1146 1823 Quaeque
1172 1784 1287 1816 docens
1310 1785 1450 1816 elocutus

1048 1831 1190 1863 Grandia
1214 1831 1266 1863 vel
1289 1831 1383 1863 levia.

966 1912 973 1919 .
1001 1887 1110 1919 Honor
1133 1887 1193 1918 tibi
1219 1888 1407 1931 duplicatur,

1001 1934 1103 1973 Super
1127 1937 1268 1967 sanctam
1291 1936 1390 1966 vitam
1417 1936 1510 1967 datur

1046 1981 1132 2012 Mira
1156 1982 1321 2025 sapientia,

1001 2029 1098 2060 Totus
1123 2028 1258 2059 mundus
1283 2029 1460 2060 admiratur

1001 2075 1045 2106 Et
1070 2075 1109 2106 de
1133 2077 1223 2106 tanta
1248 2076 1424 2108 delectatur

1049 2121 1143 2153 Dulci
1168 2122 1356 2162 eloquentia.

934 2178 985 2211 10.
1004 2178 1028 2210 O
1053 2180 1160 2216 patres
1184 2178 1331 2219 Mariam,
1356 2179 1517 2213 Martham

1002 2224 1112 2255 Facite
1136 2226 1245 2255 tenere
1270 2226 1412 2257 chartam

1049 2270 1190 2310 Regulae
1212 2271 1384 2314 pollicitae,

999 2317 1159 2349 Ducentes
1183 2327 1242 2358 per
1266 2319 1350 2352 viam
1374 2323 1487 2362 artam,

1002 2364 1047 2397 Ut
1069 2365 1222 2397 intremus
1245 2366 1333 2399 vobis
1357 2371 1482 2407 partam

1049 2412 1158 2446 Vitam
1183 2422 1242 2454 per
1266 2424 1321 2446 vos
1346 2415 1442 2449 licite.
