1655 2573
690 129 946 165 —135—

609 222 668 255 261.
699 223 742 254 De
764 224 872 255 sancta
891 224 1044 256 Barbara.

189 301 219 334 1.
247 299 368 341 Gaude,
394 305 506 333 sancta
528 304 716 346 puellarum,

247 348 400 388 Barbara,
427 358 507 388 quae
533 353 564 381 et
590 359 749 382 sacrarum

293 395 397 428 Caelis
422 396 532 428 iuncta
555 397 697 438 collegio,

249 442 411 474 Castitatis
437 443 611 484 virginalis,

247 489 358 529 Magni
383 491 476 521 simul
500 491 701 530 triumphalis

295 536 345 568 Ex
370 537 447 569 belli
472 538 648 578 privilegio,

215 619 221 625 .
249 593 329 631 Quia
352 595 444 632 pater
469 602 538 625 cum
563 592 697 624 infestus

249 639 322 671 Tibi
347 642 431 671 esset
455 643 485 671 et
509 640 669 678 molestu5‚

297 686 387 725 Quod
411 696 475 718 non
500 687 563 717 ritu
587 686 749 726 gentilium

249 732 319 764 Diis
344 733 443 764 velles
462 733 626 764 immolare

248 779 358 818 Neque
382 779 468 819 ipsos
493 780 637 822 adorare,

299 826 362 858 Sed
389 826 549 859 Christum
574 827 635 859 Dei
659 826 767 868 filium,

214 910 221 917 .
246 883 276 915 A
302 882 465 923 praefecto
490 884 563 915 hinc
584 883 732 922 pulsaris,

246 929 292 962 Ut
315 930 442 962 deorum
469 931 605 970 supplex
630 930 693 962 aris

296 977 478 1017 Imponeres
502 977 663 1016 libamina,

245 1023 294 1055 Ne
318 1022 463 1063 perferre
486 1026 712 1055 tormentorum

247 1071 412 1110 cogereris
438 1071 634 1102 diversorum

290 1118 461 1149 Innumera
483 1118 675 1157 gravamina.

210 1201 216 1208 .
243 1174 340 1205 Minis
363 1174 412 1205 his
436 1183 498 1205 non
524 1182 556 1205 es
583 1174 742 1213 depressa,

244 1220 308 1253 Sed
332 1221 365 1252 in
390 1220 454 1252 fide
480 1224 513 1251 te
536 1219 682 1261 professa

289 1268 440 1299 Mansisti
463 1267 555 1299 firma
576 1267 709 1308 stabilis,

243 1316 346 1354 Quare
372 1315 441 1346 dire
461 1313 622 1355 flagellata

243 1362 406 1394 Praesidis
433 1365 464 1393 et
490 1362 629 1393 cruciata

287 1408 333 1440 Es
357 1409 444 1440 iussu
470 1407 682 1440 exsecrabilis

207 1490 214 1496 .
241 1465 318 1497 Post
342 1467 374 1496 et
398 1467 482 1496 torta
505 1465 539 1496 in
564 1464 710 1495 mamillis

242 1512 321 1544 Dire
347 1515 377 1543 et
402 1512 520 1543 avulsis
544 1512 609 1543 illis

290 1558 371 1591 Sunt
394 1559 542 1590 ardentes
566 1558 703 1590 laminae

244 1606 347 1638 Costis
371 1606 434 1637 tuis
460 1606 648 1649 adplicatae,

242 1654 324 1693 Quas
350 1652 476 1684 ferebas
500 1653 584 1684 laete
609 1655 698 1693 grate

287 1700 403 1732 Divino
429 1700 638 1733 adiuvamine.

207 1782 214 1789 .
242 1756 319 1789 Cum
345 1760 376 1788 et:
400 1757 446 1788 sic
470 1766 490 1788 a
513 1756 572 1788 Dei
599 1757 685 1788 cultu

242 1804 357 1842 Quovis
381 1802 466 1835 flecti
491 1804 541 1835 vel
565 1804 684 1835 insultu

287 1852 317 1883 A
343 1851 429 1882 nullo
455 1851 556 1890 possis
581 1850 750 1890 hominum,

241 1899 305 1932 Sed
330 1899 401 1939 plus
426 1900 574 1938 prompta
600 1905 684 1929 esses
708 1898 790 1930 mori

240 1946 408 1985 Poenaque
432 1945 579 1977 atrociori

289 1993 433 2025 Eundem
460 1996 592 2032 propter
610 1992 789 2034 Dominum,

891 306 921 336 7.

866 1175 920 1207 10.

861 1465 913 1497 11.

861 1759 916 1790 12.

947 304 1080 336 Tradita
1103 305 1178 334 tunc
1203 310 1235 334 es
1262 300 1383 336 crudeli

949 351 1045 394 Patri,
1074 350 1127 390 qui
1152 349 1278 382 fervore
1297 351 1357 381 zeli

992 398 1080 429 Falsi
1106 399 1138 427 te
1161 397 1276 429 stravit
1299 397 1414 437 gladio.

949 444 1011 486 Sic,
1038 445 1139 476 electa
1162 453 1279 483 sponsa
1304 444 1431 487 Christi,

948 492 1065 531 Sponsi
1089 499 1219 531 regnum
1241 491 1380 522 introisti

997 539 1074 570 Post
1084 546 1222 578 pugnam
1234 538 1268 569 in
1280 538 1340 569 hoc
1353 538 1467 572 stadio.

947 594 1033 634 Ergo
1059 603 1128 626 cum
1151 594 1185 625 in
1208 593 1321 633 agonia

947 641 1116 678 Exaudita,
1143 641 1230 680 virgo
1257 641 1319 678 dia,

995 688 1057 719 Pro
1083 687 1144 718 tuis
1168 687 1211 717 sis
1237 687 1444 726 supplicibus,

947 734 1083 773 Respice
1108 737 1139 763 te
1162 737 1374 774 venerantem,

947 781 1034 812 Audi
1058 779 1099 812 ad
1123 782 1155 810 te
1177 780 1388 819 suspirantem

993 828 1075 860 Prae
1098 827 1190 858 malis
1211 827 1450 866 multiplicibus,

915 909 921 916 .
947 884 1065 923 Quibus
1090 883 1152 915 heu
1176 892 1246 914 sum
1269 883 1430 915 involutus

945 930 990 962 Et
1012 939 1053 962 ne
1076 932 1173 962 miser
1199 929 1366 961 destitutus

993 977 1046 1008 Sic
1070 980 1228 1008 transeam
1254 975 1401 1016 finaliter,

947 1024 1009 1056 Ora
1034 1033 1092 1063 pro
1114 1032 1176 1064 me,
1201 1025 1237 1054 ut
1257 1027 1390 1062 peccata

945 1071 975 1102 A
998 1079 1049 1101 me
1073 1079 1208 1110 unquam
1233 1073 1418 1109 perpetrata

991 1117 1131 1149 Dimissa
1155 1117 1218 1148 sint
1240 1117 1390 1149 totaliter.

946 1174 990 1205 Et
1005 1183 1063 1213 per
1079 1181 1206 1213 precem
1224 1176 1364 1205 sanctam
1382 1177 1467 1205 tuam

945 1221 1090 1260 Amplius
1115 1229 1310 1259 nequaquam
1334 1230 1424 1252 ruam

993 1268 1150 1300 Delictum
1175 1267 1206 1298 in
1232 1266 1440 1310 mortiferum,

944 1315 1006 1347 Sed
1031 1324 1091 1354 per
1116 1313 1231 1345 bonum
1247 1314 1332 1345 vitae
1348 1317 1465 1346 statum

941 1362 993 1393 Ad
1020 1361 1228 1401 quodcunque
1253 1370 1303 1391 me
1319 1364 1466 1400 paratum

987 1409 1054 1440 Fac
1078 1416 1157 1446 opus
1181 1406 1392 1439 salutiferum.

940 1466 990 1496 Ac
1015 1473 1085 1495 cum
1108 1464 1204 1502 intus,
1230 1461 1308 1495 foris
1333 1463 1426 1495 bellis

941 1513 1081 1551 Premar,
1108 1519 1239 1549 quorum
1260 1519 1299 1541 ne
1315 1511 1465 1550 procellis

990 1559 1177 1590 Prosternar
1201 1557 1254 1588 vel
1276 1557 1402 1589 insidiis

943 1605 1161 1643 Cuiuscunque
1184 1603 1295 1645 hostis,
1320 1607 1447 1644 praesto

941 1653 1048 1692 Usque
1073 1651 1115 1684 ad
1141 1651 1304 1683 decessum
1330 1654 1396 1683 esto

987 1700 1063 1732 Tuis
1088 1698 1185 1738 largis
1210 1698 1371 1731 subsidiis.

942 1756 987 1788 Et
1003 1756 1043 1788 de
1056 1755 1172 1787 mundo
1187 1755 1248 1786 hoc
1264 1764 1327 1787 non
1345 1755 1465 1793 cedam,

944 1804 1023 1842 Quin
1050 1806 1083 1835 et
1105 1811 1218 1843 corpus
1245 1803 1339 1842 digne
1364 1803 1456 1834 edam

988 1851 1066 1883 Tam
1089 1849 1193 1881 cibum
1213 1850 1441 1891 suavissimum,

940 1898 1061 1930 Manna
1084 1905 1203 1935 verum,
1235 1905 1349 1936 panem
1375 1897 1465 1939 caeli,

941 1946 1026 1978 Pura
1049 1947 1153 1976 mente
1179 1946 1211 1974 et
1233 1943 1333 1984 fideli,

977 1994 1052 2025 Post
1062 1994 1196 2024 mortem
1203 1994 1239 2022 ut
1247 1991 1466 2024 clarissimum.

487 2050 540 2083 13.
568 2049 736 2090 Speculum
757 2059 832 2082 mox
851 2049 1004 2081 trinitatis

569 2096 652 2129 Suae
674 2096 744 2128 luce
769 2098 922 2130 claritatis

616 2145 693 2178 Cum
719 2145 844 2177 caelicis
869 2144 1045 2185 agminibus

567 2192 700 2232 Semper
724 2201 836 2231 queam
862 2191 1070 2231 contemplari

565 2240 611 2272 Et
636 2240 669 2271 in
693 2239 763 2279 ipso
790 2240 943 2273 delectari

611 2288 663 2320 Ex
686 2287 749 2318 tuis
773 2287 1018 2328 precaminibus

241 2363 320 2392 Orat.
341 2372 395 2391 ms.
418 2363 603 2391 Catthi-[sian.
624 2369 699 2390 saec.
722 2360 766 2389 15.
788 2362 857 2390 Cod.
873 2362 968 2398 Capit.
982 2362 1131 2389 Treviren.
1156 2358 1218 2387 116.
1238 2375 1275 2379 —
1296 2358 1322 2392 6,
1336 2358 1354 2386 5
1368 2360 1469 2387 Poena

164 2411 290 2442 quaque.
