1655 2573
233 234 265 267 3.
291 234 502 278 Gaudete,
526 235 588 267 Dei
611 237 803 267 secretorum

291 282 414 315 Conscii
439 284 471 313 et
493 283 724 322 mysteriorum,

289 329 427 361 Peccata
447 330 554 361 mundi
579 329 725 369 arguistis

284 376 327 407 Et
344 376 447 408 Iesum
461 376 618 409 Christum
637 384 690 408 vos
708 375 828 407 sitistis.

841 138 885 173 28
934 154 980 163 -·

900 235 934 267 4.
959 233 1128 275 Valete,
1154 233 1216 265 viri
1232 230 1393 273 luminosi,

959 280 1071 313 Estote
1094 281 1185 312 nobis
1210 279 1360 320 favorosi,

959 327 1005 359 Ut
1028 328 1132 367 gratia
1153 335 1393 368 perseveremus

957 374 1002 407 Et
1027 375 1135 406 electis
1162 382 1392 415 corregnemus.

220 502 267 532 30.
297 502 408 542 Incipit
429 501 541 533 devota
562 501 661 533 oratio
683 501 719 533 de
739 500 876 532 omnibus
889 501 1045 541 Apostolis
1057 501 1181 533 Domini
1201 501 1299 531 nostri
1312 501 1382 532 Iesu
1396 499 1510 531 Christi

755 549 787 579 in
809 550 964 588 generali.

231 628 261 659 1.

287 628 437 665 Avcte,
465 628 543 658 caeli
568 630 729 659 senatores

286 673 562 713 Ecclesiammque
586 676 735 716 rectores,

288 720 434 759 Apostoli
460 729 514 751 vos
533 721 671 760 gloriosi,

289 766 325 797 In
348 767 462 806 gaudio
486 776 569 798 nunc
592 768 736 805 speciosi.

253 846 260 852 .
288 822 456 860 salvete,
471 823 579 854 mundi
592 831 646 853 vos
658 823 829 854 columnae.

288 869 434 900 Pastores
460 869 544 900 orbis
570 872 599 900 et
625 869 779 908 alumnae,

288 914 400 946 Vincta
424 915 541 947 Christi
566 916 618 946 hic
640 915 818 954 plantastis,

288 960 444 993 Doctrinis
468 962 566 992 sacris
590 962 755 1001 irrigastis.

514 1087 554 1117 31.
584 1087 688 1118 Oratio
712 1088 823 1119 devota

251 1188 257 1194 .
284 1166 387 1208 Ave>
422 1165 505 1195 clare
533 1165 684 1204 splendor
707 1165 827 1205 mundi,

287 1210 351 1242 Nos
376 1220 520 1250 rogamus
546 1215 579 1243 te
601 1211 765 1250 immundi,

284 1258 330 1290 Ut
353 1267 410 1289 nos
433 1266 547 1297 purges
572 1259 692 1290 cunctis
716 1259 808 1290 malis

284 1304 326 1335 Et
354 1304 506 1335 defendas
531 1306 593 1336 tuis
618 1306 686 1337 alis.

253 1384 259 1390 .
287 1359 431 1398 salve,
457 1360 535 1390 civis
559 1363 594 1390 tu
616 1363 806 1402 sanctorum,

286 1405 385 1436 Nobis
411 1407 476 1436 esto
502 1406 601 1437 virtus
626 1415 756 1445 morum,

287 1451 364 1483 Cum
390 1452 497 1483 electis
523 1452 563 1483 da
587 1461 717 1490 sperare

284 1497 328 1529 Et
351 1498 390 1529 ad
415 1497 514 1528 Deum
541 1499 697 1532 anhelare.

902 630 932 661 3.
960 627 1148 666 Gaudete,
1175 626 1282 658 mundi
1310 626 1378 658 veri
1401 626 1507 667 duces,

960 674 1023 706 Per
1040 683 1102 710 eos,
1130 674 1265 711 Christe,
1293 682 1350 705 nos
1368 672 1508 704 adduces

959 721 1011 753 Ad
1028 729 1136 752 verum
1154 723 1270 751 statum
1284 719 1507 751 salvandorum

960 766 1099 798 Vitando
1111 774 1229 806 poenas
1245 766 1507 799 damnandorum.

899 824 935 855 4.
961 822 1126 860 valete,
1154 830 1210 853 vos
1235 823 1328 853 amici
1352 821 1423 861 Dei,

958 868 1072 901 Estote
1095 869 1193 901 robur
1216 871 1345 900 nostrae
1369 869 1447 911 spei,

962 915 1004 948 Ut
1030 916 1163 954 gratiam
1188 915 1241 946 hic
1261 915 1433 947 habeamus

959 961 1001 993 Et
1026 962 1159 1001 gloriam
1183 962 1413 1001 possideamus.

845 1088 883 1118 ad
902 1097 997 1119 unum
1016 1089 1206 1128 Apostolum.

899 1168 931 1199 3.
959 1167 1105 1207 Gaude,
1124 1167 1273 1207 princeps
1286 1176 1506 1208 supernorum,

957 1214 1041 1245 Vera
1068 1214 1123 1246 lux
1149 1223 1182 1246 es
1206 1215 1448 1255 mundanorum,

956 1260 1069 1292 Mitem
1096 1262 1136 1293 da
1159 1263 1192 1292 te
1214 1262 1385 1301 invocanti,

956 1308 1089 1339 Praesta
1120 1310 1288 1348 patronum
1313 1312 1346 1340 te
1370 1311 1504 1350 roganti.

898 1365 930 1397 4.
955 1363 1079 1406 Vale,
1105 1364 1146 1404 N,
1172 1372 1242 1395 cum
1266 1374 1388 1398 summo
1411 1365 1491 1406 Deo,

957 1411 1021 1442 Ora.
1042 1413 1076 1442 tu
1096 1420 1154 1450 pro
1179 1414 1265 1442 statu
1288 1421 1369 1451 meo,

957 1456 1022 1487 Deo
1049 1465 1174 1496 semper
1198 1460 1234 1488 ut
1257 1458 1401 1497 placebo,

955 1502 1073 1534 Tecum
1097 1504 1194 1536 vitam
1221 1508 1252 1535 et
1276 1505 1400 1537 tenebo.

609 1625 656 1655 32.
687 1626 792 1659 Oratio
814 1627 852 1658 ad
871 1628 1103 1669 Evangelistas.

251 1728 258 1734 .
285 1703 314 1734 A
324 1712 342 1734 v
353 1706 391 1733 et
402 1712 436 1742 e,
463 1712 518 1735 vos
544 1705 755 1744 evangelistae

287 1748 405 1780 Summi
429 1752 522 1789 atque
545 1751 763 1792 theologistae‚

283 1796 313 1826 A
336 1799 502 1834 pneumate
525 1797 670 1830 irradiati

282 1841 325 1873 Et
348 1843 380 1874 in
406 1841 513 1882 figuris
537 1845 738 1885 praesignati.

251 1919 257 1926 .
285 1897 306 1928 S
316 1898 382 1929 alv
392 1901 456 1930 ete
466 1923 473 1937 ,
501 1900 575 1931 celsi
599 1909 654 1932 vos
673 1901 826 1942 doctoreS,

284 1943 449 1976 Gestorum
467 1945 584 1978 Christi
598 1949 827 1988 conscriptores

281 1990 467 2023 Rorantium
495 2002 553 2033 per
577 1995 724 2026 mundum
751 1997 825 2035 late,

281 2037 474 2070 Testantium
501 2050 584 2072 nunc
607 2041 708 2073 Deum
733 2046 811 2076 rate.

898 1709 929 1741 3.
956 1708 1164 1750 Gaudete,
1189 1711 1290 1742 nubes
1313 1712 1494 1745 roridantes

950 1755 1189 1797 Ecclesiamque
1212 1758 1391 1803 irriganteS‚

954 1802 1110 1834 Cordibus
1134 1805 1251 1836 nostris
1276 1805 1425 1839 arefactis

955 1848 1082 1881 Stillate
1105 1851 1208 1883 rivum
1234 1854 1313 1884 caeli
1337 1854 1440 1886 lactis.

898 1906 930 1939 4,
957 1904 1129 1947 Valete,
1156 1908 1280 1941 scribae
1303 1910 1449 1942 veritatis

955 1952 1000 1983 Et
1023 1957 1146 1985 actuum
1175 1955 1361 1999 divinitatis,

955 1998 1048 2030 Nunc
1071 2002 1139 2041 regi
1163 2010 1273 2043 regum
1297 2005 1477 2045 supplicate

952 2046 996 2077 Et
1020 2055 1150 2087 regnum
1175 2050 1240 2081 eius
1265 2052 1436 2090 postulate.

625 2158 674 2189 33:
707 2159 812 2192 Oratio
835 2161 874 2192 ad
895 2163 1079 2203 Discipulos.

251 2256 258 2263 .
283 2233 314 2264 A
323 2243 343 2264 v
353 2242 369 2264 e
380 2236 394 2264 t
405 2243 422 2265 e
432 2257 439 2273 ‚
467 2234 586 2267 Christi
612 2236 767 2280 discipuli,

281 2279 415 2312 Divinae
444 2281 523 2321 legis
547 2282 655 2324 baiuli,

281 2325 435 2359 Doctrina
458 2327 520 2360 Dei
544 2331 678 2370 saginati

280 2373 323 2405 Et
347 2375 442 2414 plena
466 2374 530 2407 fide
556 2375 741 2413 confirmati.

900 2242 930 2273 2.
957 2241 1148 2284 Salvete,
1174 2247 1285 2279 mundi
1309 2249 1450 2283 unitores

954 2288 1059 2320 Electi
1083 2290 1232 2332 orbisque
1255 2299 1412 2341 pastores,

955 2335 1018 2367 Pro
1043 2335 1107 2368 fide
1133 2339 1252 2372 Christi
1277 2343 1329 2375 hic
1347 2348 1504 2389 certastis,

951 2382 1047 2421 Quem
1065 2393 1145 2424 puro
1165 2388 1262 2420 corde
1284 2395 1504 2430 praeamastis.
