1655 2573
241 259 295 294 11.

237 593 290 625 12.

235 882 291 916 13.

235 1170 289 1205 14.

234 1589 290 1622 19.

230 1879 284 1911 20.

231 2168 285 2200 21.

738 163 992 197 —206—

321 260 355 293 Si
378 261 483 300 placet
507 268 590 300 ergo,
616 258 820 301 quiescamus,

321 306 371 338 Ne
394 307 508 339 stultae
525 308 683 345 tamquam
699 305 840 336 incurra-

617 360 686 383 mus

367 398 570 431 Garrulitatis
595 398 713 435 vitium,

318 446 373 484 Et,
403 446 431 476 si
455 444 529 483 quid
553 444 631 475 iuris
655 443 838 485 habeamus,

318 491 389 523 Hoc
413 490 592 522 alternatim
618 490 808 521 deducamus

364 537 515 569 Sollerter
538 537 571 567 in
594 536 755 570 iudicium.

315 593 359 624 Et
382 593 544 632 abigamus
568 595 632 623 tam
656 592 811 631 probrosa

318 639 417 678 Quam
441 639 539 670 verba
563 639 787 671 contumeliosa

364 686 569 725 Quascunque
594 686 756 718 dilatorias

316 734 366 764 Ac
390 732 520 765 frivolas
546 732 746 773 exceptiones

314 779 359 811 Et
382 779 506 819 quasvis
532 779 744 819 oppositiones

363 826 441 858 Fori
467 826 698 858 declinatorias,

317 882 395 914 Cum
418 881 514 914 simus
538 881 649 914 ambae
673 881 822 913 moniales

316 929 360 960 Et
385 936 496 961 causae
520 936 605 959 mere
629 927 799 968 spiritales,

363 976 487 1008 Vitetur
511 975 610 1006 omnis
634 974 749 1014 pactio,

315 1022 360 1054 Ut
392 1030 467 1053 auro
489 1021 619 1060 gemmis
644 1029 681 1053 ac
705 1023 834 1061 argento

315 1068 376 1100 Seu
404 1068 513 1108 quovis
539 1068 612 1099 dato
637 1068 688 1100 vel
713 1070 835 1099 retento

359 1115 419 1147 His
446 1114 574 1146 dirimat
596 1114 779 1148 transactio.

315 1171 368 1203 Ad
393 1170 529 1202 arbitros
549 1179 612 1202 non
627 1171 833 1213 incurramus,

314 1218 351 1249 In
368 1218 454 1258 ipsos
471 1225 530 1248 nec
547 1217 834 1257 compromittamus

360 1264 549 1296 Huiusmodi
576 1264 744 1301 discordia,

313 1310 450 1343 Pacifice
474 1311 557 1349 quod
582 1311 748 1342 dirimatur

314 1357 375 1389 Seu
399 1358 460 1389 hac
482 1357 516 1388 in
539 1358 596 1388 lite
618 1360 774 1390 statuatur

359 1405 436 1443 Pax,
452 1406 572 1445 treuga,
586 1413 640 1435 seu
655 1404 831 1438 concordia.

759 1493 778 1515 ss

316 1590 394 1622 Pars
407 1589 510 1629 prima
520 1590 619 1622 citans
629 1598 686 1630 pro
696 1589 836 1630 baptista

313 1636 437 1668 Fidelis
462 1636 547 1667 velut
571 1637 714 1676 agonista

358 1684 515 1716 Dilectum
542 1692 630 1714 suum
655 1684 816 1723 praetulit,

314 1730 359 1762 Ut
383 1730 448 1761 litis
475 1730 626 1762 enodaret
649 1730 776 1762 modum

312 1777 451 1816 Agressa
466 1776 555 1807 litem
567 1777 599 1808 in
613 1777 697 1808 hunc
708 1777 835 1810 modum

359 1823 518 1855 Libellum
544 1832 632 1854 suum
653 1823 784 1856 obtulit:

310 1879 454 1911 Dilectus
470 1888 567 1920 meus,
591 1890 649 1921 pro
668 1888 728 1919 quo
749 1883 833 1912 certo

310 1925 370 1957 Est
386 1936 447 1958 vox
465 1926 629 1958 clamantis
646 1928 678 1959 in
697 1927 831 1969 deserto,

355 1973 419 2005 Hic
443 1982 534 2004 omne
557 1973 647 2006 nefas
672 1974 762 2015 odiit,

311 2020 381 2052 Hoc
404 2021 487 2052 inter
510 2024 601 2052 natos
626 2021 803 2063 mulierum,

311 2067 356 2099 Ut
380 2070 548 2099 attestatur
564 2068 694 2100 verbum
714 2077 831 2110 verum,

358 2113 428 2145 Non
454 2114 553 2145 maior
576 2115 659 2146 ullus
684 2115 813 2154 prodiit.

310 2168 373 2199 Hic
381 2170 470 2208 prius
480 2176 571 2201 notus
580 2179 672 2209 quam
680 2169 832 2203 formatus

313 2214 342 2245 A
365 2214 496 2255 Deoque
519 2216 732 2248 sanctificatus

359 2261 397 2292 1n
421 2262 502 2292 uteri
527 2264 687 2302 voragine,

313 2308 370 2340 Vir
386 2317 517 2348 magnus
533 2308 603 2348 iste,
628 2317 708 2348 puer
723 2318 831 2350 purus,

311 2355 368 2388 Vir
390 2354 560 2395 abstinens,
587 2364 649 2387 non
662 2355 830 2397 Epicurus,

355 2401 401 2434 Ut
417 2410 526 2434 sacrae
543 2403 675 2435 tradunt
689 2403 834 2444 paginae.

852 1520 871 1541 >k

914 255 967 286 15.

907 563 961 596 16.

906 871 959 903 17.

906 1172 960 1204 18.

905 1591 959 1623 22.

904 1882 959 1914 23.

901 2172 957 2204 24.

995 254 1058 286 Sed
1076 252 1228 294 quidquid
1241 252 1324 286 iuste
1334 251 1514 289 iudicantis,

990 301 1123 332 Acutius
1148 308 1215 331 rem
1239 299 1410 339 erimantis,

1037 347 1224 379 Decreverit
1250 346 1416 387 sententia,

990 395 1060 426 Hoc
1084 394 1136 433 pio
1159 402 1385 434 prosequamur
1408 395 1481 425 voto

989 441 1033 473 Et
1056 442 1126 473 nisu
1152 441 1400 481 contemplamur
1423 441 1489 472 toto

1037 488 1224 527 Summaque
1249 487 1421 526 diligentia.

987 564 1065 595 Pars
1093 562 1189 595 alt’ra
1212 563 1308 594 dicit:
1334 562 1480 594 advocati

987 610 1046 642 His
1068 610 1177 649 assint,
1208 612 1305 641 testes
1329 609 1508 648 adprobati,

1034 657 1259 689 Procuratores
1284 655 1415 696 garruli,

986 703 1195 744 Apparitores
1221 706 1252 734 et
1276 710 1457 743 praecones,

986 749 1120 786 Notarii,
1146 749 1332 781 tabelliones

1030 797 1074 828 Et
1096 796 1259 827 literarum
1282 796 1393 836 geruli,

987 871 1198 910 Clientulique
1224 869 1406 902 defensores

985 918 1027 950 Et
1052 918 1153 949 iustus
1178 917 1284 956 iudex,
1311 925 1496 958 assessores,

1034 964 1122 1003 Quod
1134 965 1236 1005 partis
1246 965 1296 1003 sit,
1311 972 1386 1003 pars
1396 963 1507 1003 usitet3

984 1012 1143 1051 Hiclepus
1150 1014 1207 1052 est,
1219 1011 1248 1042 hi
1254 1020 1270 1042 c
1276 1013 1325 1043 est
1332 1013 1361 1041 et
1370 1019 1508 1050 campus,

985 1060 1039 1091 lus
1056 1067 1145 1090 suum
1162 1060 1236 1098 agat
1252 1058 1305 1090 hic
1317 1057 1506 1097 Melampus,

1032 1105 1088 1137 Lis
1112 1113 1169 1135 suo
1193 1107 1295 1136 marte
1319 1103 1461 1136 cursitet.

985 1171 1030 1202 Et
1048 1171 1081 1202 in
1097 1170 1146 1201 his
1161 1170 1246 1201 ultra
1261 1178 1324 1201 non
1341 1177 1508 1210 moremur,

986 1217 1049 1249 Sed
1072 1217 1160 1248 litem
1186 1217 1248 1248 cito
1273 1218 1485 1248 contestemur

1033 1264 1230 1296 Praestemus
1256 1267 1288 1294 et
1311 1262 1478 1303 iuramina,

985 1310 1165 1343 Calumnias
1191 1313 1223 1341 et
1246 1311 1398 1342 evitemus

985 1357 1029 1389 Et
1046 1356 1175 1389 fraudes
1188 1357 1354 1397 quaslibet,
1371 1357 1508 1388 iuremus

1031 1403 1176 1436 Malitiae
1201 1403 1387 1437 sacramiua.

986 1590 1083 1622 Istius
1106 1592 1193 1622 ortus
1219 1591 1311 1623 modo
1336 1591 1416 1623 miro

987 1637 1120 1669 Vetusta
1141 1640 1253 1676 matre,
1280 1646 1355 1669 sene
1379 1638 1448 1670 viro

1033 1684 1182 1716 Mirando
1205 1685 1307 1725 surgit
1330 1685 1443 1717 ordine

985 1730 1037 1763 Ex
1058 1730 1154 1770 plebe
1177 1731 1262 1763 iusta
1286 1732 1469 1772 prophetali

985 1777 1140 1816 Levitica‚
1167 1778 1344 1817 pontificali

1034 1825 1231 1858 Sacerdotali
1257 1825 1397 1860 cardine.

985 1881 1140 1914 Sacerdos
1164 1882 1265 1913 iustus
1290 1882 1461 1915 Zacharias

983 1927 1086 1960 Abiae
1109 1928 1189 1960 vicis
1214 1938 1347 1969 sequens
1371 1930 1440 1961 vias

1032 1977 1198 2016 Ingressus
1209 1977 1363 2016 templum
1370 1976 1510 2020 Domini,

984 2022 1033 2054 Ut
1049 2024 1168 2054 certum
1181 2032 1256 2055 suae
1269 2024 1365 2055 sortis
1378 2033 1510 2063 pensum

983 2069 1162 2102 Exsolvens
1187 2076 1320 2109 poneret
1335 2070 1508 2114 incensum,

1030 2116 1075 2149 Ut
1099 2116 1303 2149 incumbebat
1325 2117 1455 2159 homini,

984 2174 1013 2203 A
1039 2172 1190 2204 Gabriele
1214 2174 1380 2214 salutatur,

984 2219 1029 2250 Et
1049 2221 1161 2257 partus
1184 2219 1247 2250 sibi
1272 2221 1445 2264 nuntiatur,

1033 2266 1105 2296 Nou
1124 2266 1255 2297 credens
1272 2269 1376 2300 mutus
1393 2270 1510 2311 tacuit;

986 2310 1138 2351 Concepit
1148 2320 1225 2343 anus
1231 2317 1305 2352 post
1311 2313 1509 2357 hocprolem‚

986 2357 1137 2398 Ooncepti
1161 2357 1244 2391 fetus
1268 2361 1367 2393 sentit
1381 2364 1505 2409 molem,

1031 2405 1070 2437 In
1093 2407 1194 2449 utero,
1220 2416 1280 2447 quo
1304 2409 1414 2444 iacuit.
