1655 2573
773 156 1006 192 —34—

692 259 738 290 53.
769 258 874 290 Oratio
898 257 937 288 ad
958 255 1095 288 eundem.

284 366 290 373 .
316 341 418 380 Ave,
446 340 585 379 claviger
609 339 774 378 caelorum,
933 337 964 368 3.
992 334 1151 376 Gaude,
1180 333 1283 376 Petre‚
1310 332 1350 363 de
1366 331 1493 366 honore,

321 386 435 418 Sancte
459 387 564 428 Petre,
590 384 647 417 flos
672 386 833 427 bonorum,
992 382 1058 420 Quo
1082 388 1167 411 nunc
1191 379 1294 420 fulges
1318 379 1352 409 in
1378 378 1502 414 decore,

319 434 367 465 Tu
392 442 424 465 es
449 432 551 465 forma
574 435 784 472 peccatorum,
991 428 1067 459 Tuis
1092 427 1193 458 servis
1220 426 1262 458 da
1286 434 1373 465 spem
1400 432 1517 462 veram,

320 480 370 511 Ne
396 481 543 519 desperet
566 487 644 518 grex
668 479 838 517 lapsorum.
990 474 1104 507 Fidem
1128 476 1246 505 rectam
1271 474 1304 503 et
1326 472 1493 502 sinceram.

286 566 295 576 .
320 544 460 585 Salve,
487 545 581 576 Petre
604 546 640 574 tu
663 543 805 584 benigne,
936 543 967 573 4.
995 540 1110 579 Vale,
1137 546 1256 570 summe
1279 537 1429 578 princeps
1448 535 1538 588 caeli,

320 591 467 623 Caritatis
491 589 627 629 flagrans
650 589 732 629 igne,
991 587 1058 619 Nos
1084 585 1269 618 commenda
1292 592 1368 616 vero
1395 582 1480 624 Heh‚

321 637 425 670 Corda
448 639 557 668 nostra
581 635 632 667 fac
654 635 777 676 ardere,
993 634 1090 666 Posce
1115 632 1205 664 nobis
1229 634 1333 663 tecum
1359 638 1437 671 esse,

319 683 443 715 Summo
467 683 535 715 Deo
561 683 743 715 adhaerere.
993 680 1081 713 Caeli
1106 679 1208 711 choris
1232 679 1396 710 interesse.

576 827 623 858 54.
651 827 697 858 Ad
719 827 859 858 sanetum
878 825 1008 857 Paulmn
1029 824 1211 865 apostolum.

286 940 293 947 .
318 916 419 954 Ave,
447 924 501 947 vas
526 915 696 954 electionis,
936 916 967 947 3.
995 913 1156 954 Gaude,
1181 914 1294 952 potens
1317 913 1476 951 operator,

321 961 435 993 Sancte
457 962 563 1004 Paule,
589 962 700 1001 plenus
728 962 828 998 donis,
992 960 1191 992 Mortuorum
1216 959 1395 997 suscitator,

323 1007 558 1046 Contemplator
576 1008 688 1039 summi
712 1008 828 1049 throni,
995 1007 1126 1039 Gratiae
1149 1014 1233 1037 nunc
1257 1004 1366 1037 confer
1391 1005 1504 1043 rivum,

324 1053 373 1085 Sis
397 1054 529 1094 largitor
554 1055 621 1086 veri
647 1055 729 1086 doni.
993 1053 1056 1085 Dei
1081 1053 1171 1085 donis
1195 1051 1248 1084 fac
1272 1060 1322 1083 me
1344 1052 1459 1085 vivum.

289 1144 296 1150 .
324 1119 465 1157 Salve,
493 1119 594 1150 duleis
619 1120 831 1158 praedicator.
935 1121 967 1152 4.
995 1120 1114 1159 Vale,
1140 1118 1250 1150 mundi
1274 1117 1496 1156 triumphator,

321 1164 535 1196 Tenebrarum
561 1165 721 1205 effugator,
994 1167 1064 1199 Iam
1087 1166 1122 1196 in
1148 1165 1243 1197 caelis
1268 1165 1440 1202 habitator,

318 1210 440 1249 Raptus
465 1211 518 1250 qui
540 1212 572 1242 in
596 1212 790 1251 paradisum,
994 1213 1067 1244 Iesu
1093 1211 1213 1244 Christi
1240 1212 1322 1243 dona.
1346 1214 1474 1249 sortem,

316 1257 398 1288 Illuc
425 1260 514 1289 verte
538 1261 679 1290 nostrum
704 1258 814 1290 visum.
991 1259 1110 1290 Tecum
1131 1258 1230 1290 vitam
1254 1258 1296 1289 da
1311 1260 1385 1298 post
1400 1260 1542 1290 mortem.

720 1392 766 1423 55.
797 1392 903 1424 Oratio
924 1393 1064 1424 secunda.

286 1502 293 1509 .
319 1478 420 1517 Ave,
446 1478 554 1518 Paule,
583 1478 693 1509 doctor
715 1480 805 1520 legis,
935 1483 966 1514 3.
994 1481 1156 1522 Gaude,
1181 1483 1286 1514 lumen
1310 1483 1490 1524 gloriosum,

322 1524 458 1555 Nuntius
484 1532 516 1554 es
540 1525 652 1555 summi
676 1526 768 1568 regis,
995 1527 1122 1560 Cunctis
1146 1529 1238 1561 iustis
1263 1530 1460 1571 gaudiosum,

321 1570 406 1602 Caeli
429 1570 484 1601 lux
505 1579 574 1601 cum
598 1571 657 1602 tibi
681 1570 779 1610 fulsit,
995 1574 1177 1609 Gratiarum
1202 1585 1299 1615 posce
1322 1576 1448 1618 flumen,

324 1616 375 1648 Ab
402 1625 508 1648 errore
531 1619 563 1648 te
588 1618 710 1652 evulsit.
992 1622 1119 1654 Perduc
1143 1632 1199 1655 nos
1225 1624 1266 1655 ad
1291 1633 1400 1655 verum
1424 1625 1540 1657 lumen.

269 1684 300 1715 ‘.
326 1682 468 1721 Salve,
496 1682 630 1714 disertus
655 1686 769 1727 orator,
934 1688 965 1719 4.
992 1686 1115 1727 Vale,
1144 1688 1266 1728 lampas
1291 1692 1327 1721 tu
1352 1694 1542 1724 sanctorum.

327 1728 480 1759 Veritatis
506 1737 538 1759 es
562 1729 733 1770 plantator,
994 1733 1085 1765 Tuba
1108 1736 1227 1774 mundi,
1253 1737 1307 1768 lux
1336 1738 1511 1778 doctorum,

324 1774 422 1805 Vasta
446 1774 531 1806 orbis
555 1776 766 1818 perlustrasti,
995 1780 1088 1812 Dona
1112 1784 1228 1813 statum
1254 1784 1425 1816 electorum

324 1821 439 1852 Fidem
464 1820 581 1853 Christi
602 1823 772 1856 seminasti.
995 1827 1040 1859 Et
1061 1836 1207 1861 eoronam
1231 1830 1408 1865 beatorum.

479 1957 524 1990 56.
554 1958 700 1998 Sequitur
720 1959 818 1991 oratio
840 1960 876 1992 cle
896 1963 1002 1994 saneto
1022 1964 1147 1996 Andrea
1168 1967 1316 2006 apostolo.

291 2071 297 2078 .
322 2045 426 2086 Ave,
452 2045 530 2077 felix
554 2048 589 2077 tu
611 2047 751 2087 Andrea,
935 2051 966 2083 3.
993 2050 1152 2092 Gaude,
1179 2058 1289 2086 sancte
1312 2058 1526 2101 praedicator,

321 2091 448 2131 Martyr
473 2091 574 2124 factus
598 2093 656 2125 sub
681 2094 778 2134 Egea,
993 2097 1112 2130 Summi
1132 2100 1194 2131 Dei
1216 2103 1400 2143 aemulator,

323 2138 471 2170 Gaudens
491 2140 658 2178 suscepisti
683 2149 818 2180 crucem,
993 2144 1085 2176 Dona
1109 2147 1212 2178 zelum
1236 2149 1284 2179 tm·
1309 2151 1393 2190 regis

321 2184 734 2224 InhocsequensGhristum
745 2188 864 2221 ducem.
992 2190 1037 2222 Et
1060 2193 1176 2224 sectari
1199 2194 1267 2226 vias
1291 2196 1383 2236 legis.

288 2275 295 2282 .
322 2249 466 2291 Salve,
491 2251 575 2283 mitis
598 2252 690 2283 homo
714 2252 786 2291 Dei,
935 2256 968 2287 4.
994 2256 1116 2297 Vale,
1142 2262 1251 2291 sancte
1274 2264 1310 2292 tu
1334 2262 1479 2304 Andrea,

320 2297 444 2330 Memor
473 2300 539 2329 esto
563 2307 687 2338 semper
710 2299 773 2331 mei
996 2302 1057 2334 Cor
1083 2304 1234 2337 decorum
1257 2308 1291 2339 in
1314 2318 1365 2340 me
1391 2319 1474 2352 crea,

267 2381 282 2387 ν
321 2344 418 2383 Apud
443 2344 544 2376 Deum
569 2354 673 2377 veram
698 2346 809 2387 lucem,
994 2349 1088 2381 Nunc
1113 2352 1146 2382 in
1171 2354 1259 2385 eaelo
1281 2356 1448 2398 exaltatus,

320 2391 452 2424 Hostem
472 2394 508 2423 ut
532 2393 671 2434 expellat
694 2396 823 2427 trucem.
993 2396 1054 2436 Da,
1081 2400 1115 2429 ut
1139 2401 1242 2432 tecum
1266 2402 1325 2434 sim
1348 2402 1471 2441 beatus.
