1655 2573
663 125 898 160 -51‘

474 214 528 247 118.
559 217 602 249 De
621 218 730 249 saneta
754 217 933 250 Katharina
952 218 1087 259 virgine.

144 303 173 337 1.
200 306 303 343 Ave,
331 305 420 346 virgo
444 306 638 348 honoranda,

200 351 380 384 Katharina
405 353 661 394 commendanda,

200 398 308 438 Stirpe
329 401 401 431 orta
425 400 464 431 de
488 401 598 440 regali,

201 445 297 477 Nulla
320 449 396 478 nata
421 447 461 479 de
485 447 618 486 aequali.

144 515 173 543 2.
202 510 344 551 Salve,
370 511 428 544 flos
453 513 677 553 Alexandriae,

201 558 248 589 Te
269 560 391 598 potavit
416 559 487 591 fons
512 561 642 599 sophiae

200 605 292 637 Omni
315 608 384 638 arte
408 606 542 650 liberali,

195 651 246 683 Da
267 654 410 684 ornatum
435 653 614 686 immortali.

822 309 851 340 3.
879 306 907 339 G
916 317 936 339 a
944 316 964 338 u
975 308 995 339 d
1006 316 1022 339 e
1033 331 1041 346 ‚
1069 308 1163 340 decor
1188 307 1361 348 virginalis,

879 354 1065 396 Katharina,
1090 352 1148 386 flos
1170 354 1297 397 regalis⁷

880 401 1014 442 Protege
1037 410 1095 434 nos
1118 401 1182 433 tuis
1206 401 1266 433 alis

879 448 908 480 A
933 449 1071 488 peccatis
1097 450 1129 479 et
1152 457 1172 480 a
1194 448 1296 481 malis.

818 515 849 546 4.
877 514 995 555 Vale,
1024 517 1110 546 easta
1134 523 1251 554 sponsa
1276 514 1346 557 Dei,

875 560 990 593 Tutum
1015 561 1112 593 robur
1137 570 1226 593 meae
1250 561 1331 601 spei,

873 608 936 639 Per
956 610 987 638 te
1011 616 1105 647 spero
1131 609 1277 640 coronari

876 653 954 686 Cum
980 655 1089 686 electis
1116 657 1147 686 et
1173 654 1273 687 beari.

489 799 543 832 119.
576 800 680 832 oratio
701 800 835 831 secunda
856 799 895 831 ad
916 799 1052 831 eandem.

141 888 172 921 1.
199 888 301 932 Ave,
327 889 505 922 Kabharina
528 890 592 929 pia,

198 935 321 967 Christo
347 944 421 967 cara
444 935 496 967 hic
518 936 552 967 in
577 936 637 975 via,

198 981 300 1023 Super
322 990 429 1015 omnes
454 985 486 1014 te
512 982 642 1022 dotavit,

198 1029 234 1060 In
261 1029 375 1061 decore
398 1028 589 1063 sublimavit.

137 1099 168 1128 2.
195 1095 215 1127 S
226 1096 265 1127 al
274 1105 292 1126 v
303 1105 320 1126 e
333 1118 341 1133 ,
368 1096 505 1127 clemens
531 1095 718 1137 Katharina,

193 1142 374 1175 Puellarum
399 1150 431 1174 es
456 1143 574 1183 regina,

195 1189 321 1221 Summe
346 1188 454 1221 doctos
479 1190 645 1230 superasu,

195 1236 279 1275 Quos
303 1236 346 1269 ad
370 1237 491 1269 eaelum
517 1237 693 1269 destinasti.

813 889 846 922 3.
873 888 901 921 G
910 898 929 920 a
937 898 958 920 u
967 889 989 920 d
998 899 1032 932 e,
1068 888 1160 921 fortis
1184 888 1420 929 triumphatrix,

870 934 987 967 Nostra
1011 944 1136 975 semper
1159 936 1353 980 advocatrix,

872 982 920 1014 Tu
944 984 1079 1021 patrona
1103 982 1299 1021 elericorum,

871 1029 982 1061 Firma
1004 1032 1125 1061 mentes
1150 1031 1345 1063 devotorum.

838 1118 845 1125 .
872 1094 992 1137 Vale,
1018 1104 1141 1136 gemma
1165 1095 1333 1138 claritatis,

871 1142 1036 1174 Floseulus
1063 1142 1247 1185 divinitatis,

869 1188 1061 1228 Imperatrix
1085 1190 1198 1221 summi·
1221 1189 1336 1230 throni,

869 1236 919 1268 Sis
940 1236 1070 1276 lagitrix
1094 1236 1195 1270 omnis
1219 1237 1305 1271 boni.

496 1373 558 1405 120.
591 1373 696 1405 oratio
719 1373 820 1404 tertia
839 1373 881 1404 ad
900 1373 1036 1405 eandem.

135 1462 165 1494 1.
191 1462 296 1504 Ave,
321 1461 500 1494 Katharina
523 1461 618 1504 mitis,

188 1509 234 1541 Te
258 1509 403 1548 implevit
428 1508 571 1542 Christus
596 1508 670 1541 vitis

188 1555 283 1588 Dulei
308 1556 380 1588 vino
406 1556 557 1596 caritatis,

189 1603 265 1640 Oleo,
290 1605 322 1635 et
343 1603 483 1643 pietatis.

133 1671 162 1703 2.
190 1669 335 1709 Salve,
361 1669 450 1710 virgo
474 1667 642 1712 flagellata,

185 1716 282 1749 Fame
308 1717 377 1749 dire
402 1718 551 1759 cruciata,

189 1764 275 1797 Caeli
299 1764 385 1796 cibus
411 1764 470 1796 tibi
496 1764 599 1804 datur,

187 1811 330 1845 Christus
354 1812 407 1851 pie
431 1813 463 1843 †e
487 1812 617 1845 solatur.

809 1464 840 1495 3.
866 1461 895 1494 G
903 1471 922 1493 a
931 1472 951 1493 u
962 1462 982 1494 d
991 1471 1008 1493 e
1017 1486 1025 1501 ,
1054 1461 1169 1494 florens
1194 1463 1384 1505 Katharina‚

865 1509 911 1541 Te
936 1509 1062 1542 ornavit
1086 1509 1134 1542 vis
1161 1509 1269 1542 divina

865 1556 976 1588 Gratia
1003 1559 1035 1588 et
1059 1557 1143 1588 omni
1167 1557 1258 1599 dono,

861 1603 922 1644 Da,
947 1606 984 1636 ut
1007 1612 1146 1637 crescam
1170 1613 1254 1637 nune
1276 1605 1309 1637 in
1322 1604 1413 1637 bono.

806 1673 837 1704 4.
863 1671 988 1711 Vale,
1017 1672 1136 1704 candor
1159 1673 1350 1711 angelorum,

863 1719 963 1751 Posce
987 1727 1095 1759 regem
1118 1728 1202 1751 nune
1228 1720 1397 1760 caelorum,

862 1765 908 1798 Ut
933 1774 1003 1797 eum
1026 1765 1144 1798 sanetis
1171 1766 1266 1799 donet
1289 1768 1384 1799 vitam

864 1812 1005 1846 Gloriam
1031 1815 1063 1846 et
1086 1812 1251 1849 infinitam,

517 1949 573 1982 121.
604 1950 649 1981 Ad
670 1951 813 1983 sanctam
832 1951 1011 1983 Barbaram.

125 2040 155 2073 1.
181 2040 285 2079 Ave,
311 2040 417 2072 virens
443 2040 523 2072 caeli
547 2049 629 2081 rosa,

179 2087 334 2127 Barbara,
360 2089 394 2118 tu
418 2087 565 2128 gloriosa,

179 2134 229 2166 De
253 2135 362 2168 radice
385 2143 537 2175 generosa

177 2182 222 2214 Es
249 2185 359 2215 exorta
383 2185 415 2214 et
439 2181 569 2216 famosa.

125 2250 155 2282 2.
180 2248 323 2290 Salve,
349 2247 427 2281 felix
452 2251 486 2282 tu
509 2253 654 2291 patrona,

179 2296 233 2329 Ad
256 2305 314 2330 nos
339 2297 429 2329 mitte
454 2298 575 2331 Christi
601 2299 692 2340 dona,

177 2344 223 2377 Ut
245 2345 386 2378 vivamus
410 2345 479 2381 vita,
501 2345 595 2386 bona,

178 2391 277 2426 Serva
300 2401 321 2426 a
342 2393 467 2434 peceati
491 2402 580 2427 zona.

806 2044 837 2076 3.
866 2041 894 2074 G
902 2050 949 2074 au
960 2043 979 2074 d
990 2050 1007 2073 e
1015 2068 1023 2084 ,
1049 2050 1165 2082 sponsa
1191 2044 1349 2084 coronata,

862 2090 935 2121 Iesu
962 2089 1087 2122 Christo
1111 2089 1310 2132 subarrhata,

861 2137 893 2168 A
917 2146 977 2176 quo
1006 2138 1092 2169 caste
1115 2137 1307 2179 amplexata,

863 2185 913 2217 Sis
938 2185 980 2217 ad
1005 2184 1106 2217 Deum
1131 2185 1298 2219 advocata.

828 2278 834 2284 .
862 2251 981 2294 Vale,
1008 2251 1109 2284 duleis
1133 2254 1168 2284 tu
1192 2252 1309 2293 puella,

861 2299 1003 2331 Radiosa
1027 2299 1112 2332 orbis
1138 2300 1242 2343 stella,

859 2346 962 2379 Deum
986 2355 1111 2387 semper
1134 2347 1316 2392 interpella,

857 2394 904 2427 Ut
926 2396 1086 2435 gustemus
1109 2395 1190 2427 eaeli
1213 2395 1319 2429 mella.

1200 2448 1241 2477 4*
