1655 2573
685 124 915 161 —27-

168 220 198 252 3.
226 217 439 263 Gaudete,
467 222 546 253 caeli
569 222 702 264 agmina,
844 224 876 256 4.
902 222 1070 265 Valete,
1100 221 1186 254 clara
1214 222 1353 261 specula,

224 267 287 300 Vos
315 268 407 301 decet
431 269 565 301 laudent
588 270 736 311 carmina,
904 269 1015 301 Honor
1040 269 1129 300 vobis
1153 270 1187 300 in
1210 270 1347 307 saecula,

225 315 340 346 Preces
365 315 434 348 Deo
460 319 671 359 praesentate,
901 316 1025 355 Rogate
1049 315 1140 347 nobis
1164 315 1298 357 miseris,

225 362 354 394 Vultum
376 362 438 395 Dei
463 372 519 395 vos
543 365 678 403 placate.
905 362 949 395 Ut
972 364 1064 395 sedes
1090 363 1133 394 sit
1157 372 1226 394 cum
1252 362 1385 403 superis.

567 421 590 453 O
618 423 750 462 creator,
777 429 887 459 preces
914 420 989 451 audi

562 467 609 499 Et
631 476 691 506 per
716 476 767 499 eos
792 476 848 498 nos
875 467 999 501 exaudi,

375 565 421 596 26.
451 564 595 604 Sequitur
613 564 740 596 devotus
761 564 881 604 rigmns
903 565 940 596 (le
959 565 1086 605 proprio
1107 565 1229 606 angelo.

170 635 198 667 1.
226 636 328 674 Ave,
357 636 468 675 angele
493 634 647 677 caelestis,
846 636 876 667 3.
905 633 1063 671 Gaude,
1092 634 1166 666 civis
1191 635 1378 675 supernalis,

227 681 329 713 Datus
356 685 460 713 custos
485 685 579 721 atque
603 681 703 721 testis,
904 679 1003 713 Serva
1027 688 1077 711 me
1101 690 1120 711 a
1144 681 1263 712 cunctis
1287 682 1388 724 malis,

228 727 340 760 Coram
365 737 485 759 summo
510 737 585 768 rege
607 727 675 760 Deo
902 726 954 759 Da
976 728 1008 759 in
1034 727 1123 759 bonis
1148 736 1199 759 me
1223 726 1347 763 florere.

229 774 278 806 Sis
306 774 453 808 defensor
476 775 554 807 mihi
578 784 642 807 reo.
902 774 970 806 Deo
996 782 1121 813 semper
1146 775 1352 813 complacere.

171 833 200 864 2.
228 831 369 871 Salve,
394 831 510 864 nobilis
534 832 687 873 minister,
843 833 875 863 4.
902 831 1024 872 Vale,
1051 829 1112 861 Dei
1139 831 1378 870 contemplator.

225 878 347 910 Dexter
372 878 414 910 sis
439 881 533 918 atque
557 878 696 920 sinister,
900 878 1087 909 Animarum
1112 877 1286 919 adamator,

226 926 343 958 Contra
367 925 489 957 hostem
514 926 705 958 saevientem
902 924 973 957 Duc
995 925 1028 955 in
1054 923 1116 955 Dei
1142 924 1318 956 claritatem

224 972 346 1012 Corpus
371 981 463 1004 serva
487 975 582 1012 atque
605 975 751 1004 mentem.
901 971 955 1003 Me
979 974 1053 1011 post
1078 971 1189 1002 mortis
1215 972 1414 1010 gravitatem.

421 1072 465 1102 27.
498 1070 603 1102 Oratio
623 1071 756 1101 secunda
778 1070 818 1100 ad
836 1070 987 1111 Angelum
1007 1071 1179 1111 proprium.

168 1142 198 1174 1.
225 1142 327 1180 Ave,
359 1142 470 1181 angele
494 1139 607 1180 fidelis,
845 1142 876 1173 3.
904 1139 1066 1182 Gaude,
1101 1142 1154 1181 qui
1180 1150 1212 1173 es
1237 1141 1305 1173 Deo
1330 1144 1449 1183 gratus,

224 1188 327 1220 Datus
352 1189 428 1228 vigil
454 1196 486 1220 es
513 1188 553 1219 de
578 1187 673 1220 caelis
901 1187 1013 1219 Honor
1040 1187 1100 1219 tibi
1124 1189 1167 1219 sit
1193 1188 1337 1229 collatus,

226 1235 281 1266 Me
305 1234 422 1275 ubique
446 1234 651 1275 protegendo,
902 1234 1022 1266 Malum
1047 1235 1141 1275 pelle,
1169 1236 1281 1268 bonum
1309 1244 1374 1276 ora,

226 1281 358 1322 Semper
380 1282 439 1314 tibi
464 1290 514 1314 me
538 1282 730 1314 commendo.
901 1282 992 1314 Assis
1017 1281 1094 1313 mihi
1119 1283 1202 1314 omni
1228 1283 1316 1316 hora.

166 1340 198 1372 2.
225 1338 371 1380 Salve,
398 1346 500 1370 comes
524 1338 708 1377 reverende,
844 1340 875 1371 4.
902 1337 1023 1376 Vale,
1049 1338 1208 1378 princeps,
1236 1339 1322 1379 pugil
1347 1338 1438 1378 bone,

224 1386 272 1417 Tu
297 1395 316 1417 a
340 1386 431 1417 malis
456 1394 506 1417 me
530 1384 676 1426 defende,
901 1384 1043 1416 Firmam
1068 1393 1155 1424 spem
1184 1386 1225 1418 da
1249 1386 1282 1416 in
1307 1394 1416 1426 agone,

223 1432 302 1465 Tela
325 1432 425 1464 hostis
450 1442 470 1464 a
493 1441 544 1463 me
568 1431 663 1471 pelle,
902 1431 1032 1463 Culmen
1057 1432 1137 1463 caeli
1162 1433 1323 1472 advolare,

225 1479 325 1512 Serva
348 1488 398 1510 me
422 1479 462 1511 ab
488 1479 554 1510 eius
579 1478 663 1511 felle.
898 1478 1015 1510 Tecum
1040 1487 1166 1518 semper
1186 1479 1331 1513 iubilate.

562 1537 586 1569 O
613 1538 747 1578 creator,
773 1543 885 1574 preces
910 1535 985 1566 audi

560 1584 604 1615 Et
627 1591 685 1623 per
710 1591 780 1614 eum
804 1591 855 1614 me
878 1582 1003 1616 exaudi.

487 1674 533 1704 28.
565 1672 671 1705 Oratio
697 1673 736 1704 atl
757 1674 878 1704 sanctos
898 1673 1111 1705 patriarchas.

166 1746 195 1778 1.
222 1746 378 1784 Avete,
405 1744 507 1777 sancti
531 1744 742 1786 patriarchae,
844 1746 873 1777 3.
903 1743 1090 1785 Gaudete,
1112 1753 1202 1777 senes
1220 1748 1315 1785 atque
1327 1747 1445 1787 patres,

223 1793 261 1825 In
288 1792 367 1825 caeli
392 1792 479 1824 Deus
504 1800 639 1832 regnans
664 1800 738 1823 arce
899 1791 1451 1832 Secundumcarnemnostrifratres,

221 1840 260 1871 In
290 1839 355 1872 fide
381 1848 434 1871 vos
458 1838 657 1882 illuminavit,
899 1839 938 1871 In
962 1843 1072 1872 sancta
1095 1840 1161 1872 vita
1187 1840 1374 1882 conversati,

221 1887 273 1918 Ab
299 1895 377 1919 aevo
403 1889 434 1918 et
459 1886 722 1927 praedestinavit.
899 1885 964 1918 Per
982 1896 1036 1919 vos
1054 1896 1138 1919 nunc
1154 1888 1251 1919 simus
1268 1888 1336 1920 Deo
1355 1888 1448 1927 grati.

166 1946 196 1977 2.
224 1942 414 1986 Salvete,
443 1944 503 1976 vim'
525 1943 712 1983 honorandi,
843 1944 874 1976 4.
902 1943 1069 1984 Valete,
1095 1944 1155 1976 viri
1179 1944 1320 1985 gloriosi,

223 1992 261 2024 In
280 1990 401 2023 cunctis
416 1990 505 2023 bonis
520 1990 770 2028 commendandi,
902 1990 939 2023 In
964 1991 1083 2031 pietate
1108 1991 1243 2033 operosi,

222 2039 260 2071 In
284 2038 349 2072 fide
374 2047 450 2071 vera
474 2047 531 2070 nos
557 2037 690 2070 fundate
902 2037 998 2070 Orate
1022 2038 1113 2070 nobis
1137 2041 1282 2071 sanctum
1307 2042 1423 2072 statum

222 2086 267 2118 Et
296 2086 429 2119 caritate
452 2096 470 2119 0
495 2084 629 2119 firmate.
900 2084 985 2117 Hinc
1011 2086 1113 2118 denuo
1140 2085 1359 2126 glorificatum.

394 2177 442 2209 29.
479 2176 587 2209 Oratio
610 2176 722 2208 devota
746 2175 785 2207 ad
804 2176 976 2217 Prophetas
996 2176 1029 2208 in
1048 2177 1203 2218 generali.

151 2251 180 2285 1.
207 2250 364 2289 Avete,
390 2249 503 2282 fideles
529 2250 716 2289 prophetae,
846 2250 878 2282 2.
904 2248 1072 2292 Salvete,
1096 2250 1197 2281 sancti
1217 2258 1271 2281 vos
1283 2249 1452 2290 praeclari,

225 2297 344 2330 Summi
365 2297 427 2329 Dei
452 2297 519 2331 veri
545 2298 695 2339 athletae,
902 2296 1026 2329 Maturi
1051 2305 1145 2329 sensu
1169 2300 1264 2337 atque
1287 2297 1388 2338 gnari,

221 2345 358 2386 Spiritus
383 2345 488 2378 sancti
513 2345 602 2385 pleni
625 2354 709 2385 rore,
902 2343 1025 2384 Rogate
1049 2344 1140 2376 nobis
1163 2345 1358 2378 intellectum

222 2392 271 2425 Sit
295 2392 385 2427 vobis
410 2394 479 2426 laus
505 2392 544 2424 ab
571 2392 655 2425 omni
681 2401 746 2425 ore.
903 2390 947 2423 Et
971 2391 1004 2423 in
1027 2392 1119 2424 bonis
1144 2400 1229 2425 nune
1252 2391 1441 2432 profectum.
