1655 2573
687 119 916 157 *69-

189 213 221 249 7.
246 215 285 248 In
308 214 446 248 sublime
471 225 604 250 cernens
630 216 708 250 ferri

295 263 403 295 Sancti
429 265 529 303 patris
555 265 699 307 animam,

253 310 312 342 Per
336 310 395 343 hoc
420 310 479 343 tibi
502 320 590 352 spem
617 311 753 344 conferri

292 358 438 389 Laetaris
465 359 681 402 certissimam,

247 404 363 443 Legem
388 404 449 436 Dei
474 407 547 438 tuae
572 407 640 445 spei

293 452 422 485 Partem
447 461 566 492 ponens
593 453 754 493 optimam.

189 527 219 560 Β,
246 526 283 557 In
309 527 413 566 egenis
438 528 579 560 membra
605 528 723 561 Christi

293 573 418 605 Summo
444 583 578 613 pascens
605 575 719 616 studio,

245 619 322 651 Eius
347 620 408 662 pie,
434 628 524 659 quem
549 621 676 661 pavisti,

293 667 406 698 Pastas
431 667 616 706 ministerio,

244 714 339 745 Panis
364 714 452 753 pasci
479 714 622 746 meruisti

294 759 447 792 Caelestis
467 761 581 794 edulio,

185 837 217 868 9.
244 836 288 869 Ut
313 835 374 867 hoc
398 837 486 868 tanto
512 838 638 876 tamque
657 839 765 868 sancto

288 883 457 914 Laetemur
483 882 640 926 pontifice,

239 930 318 961 Eius
343 937 447 971 prece,
474 938 565 969 quem
590 930 720 969 replesti

288 976 426 1008 Salutari
453 976 560 1016 calice,

237 1024 324 1055 Pane
345 1031 441 1062 pasce
464 1031 522 1054 nos
547 1023 686 1065 caelesti,

288 1069 353 1102 Fili
377 1071 478 1110 patris
502 1070 602 1104 unice,

158 1146 211 1178 10.
239 1144 439 1177 Praeelectus
466 1147 498 1176 et
522 1144 649 1177 effectus

287 1191 399 1232 Gregis
424 1195 533 1231 pastor
557 1193 692 1235 mystici,

237 1238 353 1271 Pastor
377 1240 493 1279 bonus,
513 1239 600 1270 subis
626 1248 702 1271 onus

283 1285 383 1318 Ovilis
408 1286 566 1328 dominici,

236 1333 363 1365 Timens
389 1333 445 1373 eis,
470 1341 510 1365 ne
535 1332 611 1373 quid
635 1333 698 1364 reis

281 1380 367 1412 Iuste
391 1380 492 1421 possit
515 1379 607 1413 obici.

154 1455 207 1488 11.
235 1454 307 1487 Non
332 1455 451 1486 honore
476 1454 639 1486 sublimari

278 1501 347 1534 Nee
369 1501 521 1533 subiectis
546 1500 686 1543 praefici,

232 1549 297 1581 Sed
322 1549 467 1588 exemplo
492 1548 624 1581 salutari

277 1595 395 1628 Forma
420 1597 538 1636 gaudes
564 1595 660 1636 effici,

230 1643 350 1683 Optans
376 1651 501 1684 gregem
527 1641 690 1675 informari

276 1690 373 1723 Verbi
398 1699 480 1731 pane
505 1690 640 1730 mystici.

147 1766 201 1799 12.
228 1765 407 1798 Deformati
431 1774 490 1805 per
513 1768 680 1805 peccatum

273 1812 454 1846 Reformarl
478 1813 622 1853 petimus,

227 1861 274 1895 Ut
297 1869 332 1892 se
355 1861 467 1893 videns
493 1862 699 1901 depravatum

275 1909 337 1940 Per
344 1909 431 1951 haec,
442 1916 523 1949 quae
533 1908 752 1948 delinquimus,

224 1956 361 1988 Poenam
389 1955 506 1988 deflens
534 1959 565 1987 ct
588 1959 710 1988 reatum

269 2004 450 2044 Resipiscat
473 2003 604 2038 animus

141 2080 196 2114 13.
225 2080 312 2112 Inter
336 2082 464 2112 sanctos
489 2083 521 2111 et
545 2081 663 2111 electos

267 2128 437 2160 Excellens
462 2127 631 2171 antistites,

220 2175 307 2208 Viles
333 2176 408 2207 licet
433 2179 464 2207 et
488 2175 628 2208 abiectos

267 2223 333 2256 Nos
357 2223 389 2255 in
416 2225 502 2256 terra
527 2222 645 2266 visites,

219 2271 262 2304 Ut
287 2281 306 2304 a
330 2272 431 2313 portis
458 2271 548 2303 dirae
572 2271 683 2304 mortis

264 2319 331 2351 Nos
356 2320 397 2351 ad
424 2319 521 2351 vitam
547 2320 691 2352 suscites.

846 219 899 252 14.
929 219 963 251 In
987 215 1116 251 sublimi
1138 220 1269 250 sanetae
1290 214 1407 251 ment-is

972 266 1166 299 Constitutus
1192 265 1334 307 specula,

924 312 1103 352 Duplicatis
1127 312 1190 344 iam
1214 312 1345 344 talentis

970 360 1027 392 Pie
1052 362 1192 391 tractans
1216 359 1353 398 singula.

921 407 973 439 Ad
999 415 1136 447 superna
1161 408 1196 437 tu
1221 406 1396 447 augmentis

968 453 1099 486 Transis
1124 452 1316 485 habitacula.

844 529 897 562 15.
924 528 995 560 Duc
1019 529 1061 560 ad
1085 529 1197 568 lucem,
1220 527 1267 561 fili
1291 529 1383 570 lucis,

970 576 1014 608 Ut
1037 583 1096 615 per
1119 575 1197 606 lucis
1224 583 1322 614 opera

920 622 970 653 Ab
994 622 1043 653 his
1069 622 1156 653 vanis
1183 625 1215 654 et
1239 622 1366 654 caducis

966 668 1017 700 Ab
1042 669 1103 701 hac
1128 668 1211 699 valle
1235 669 1351 701 misera

917 714 1089 755 Insignitos
1114 714 1202 754 signo
1229 715 1330 747 crucis

965 761 1112 793 Reducas
1138 762 1179 793 ad
1204 770 1329 802 supera.

837 837 889 869 16.
916 836 988 868 Non
1014 836 1077 868 iam
1101 844 1195 868 sensu
1218 836 1356 876 pueriles

962 882 1026 915 Sed
1051 892 1109 923 per
1132 882 1342 914 innocentiam

916 929 1030 962 Fortes
1056 930 1151 962 simus
1179 933 1211 961 et
1235 930 1343 961 viriles

961 977 1079 1009 Mentis
1103 985 1161 1016 per
1186 977 1404 1015 constantiam,

914 1023 1106 1055 Exserentes
1129 1027 1166 1055 ut
1194 1026 1358 1063 serpentes

960 1071 1024 1104 Pro
1048 1071 1118 1103 loco
1143 1071 1356 1110 prudentiam.

833 1146 886 1178 17.
913 1144 962 1177 Sit
983 1146 1016 1177 in
1040 1149 1145 1177 mente
1169 1145 1347 1178 columbina

961 1192 1139 1232 Sanctaque
1163 1192 1362 1233 simplicitas,

915 1240 1014 1278 Quam
1045 1249 1108 1271 non
1136 1238 1230 1271 fallat
1255 1241 1437 1279 serpentina

959 1287 1154 1319 Daemonum
1180 1286 1349 1329 calliditas,

912 1333 1012 1372 Quam
1024 1342 1087 1365 non
1095 1334 1232 1374 frangat,
1247 1333 1307 1365 etsi
1316 1336 1436 1375 tangat,

960 1382 1114 1413 Praesens
1138 1380 1218 1412 haec
1242 1380 1415 1413 calamitas.

830 1456 846 1487 1
854 1457 883 1489 8.
910 1455 983 1487 Non
995 1455 1049 1487 hic
1056 1455 1201 1495 mundus,
1215 1463 1277 1487 non
1285 1463 1437 1496 perversa

958 1502 1069 1535 Carnis
1093 1501 1209 1534 fallant
1232 1511 1339 1542 opera,

910 1550 964 1582 Sic
987 1559 1046 1581 nos
1070 1549 1132 1581 Dei
1156 1558 1214 1589 per
1241 1549 1369 1582 diversa

956 1596 1121 1638 Dirigente
1147 1597 1290 1639 dextera,

909 1644 958 1676 Ne
979 1645 1030 1676 vel
1049 1648 1197 1684 premant
1214 1653 1268 1676 cor
1285 1644 1431 1682 adversa,

955 1692 1023 1723 Nec
1048 1692 1204 1724 extollant
1227 1700 1391 1732 prospera,

830 1768 885 1802 19.
909 1768 1008 1800 Serve
1030 1767 1172 1808 prudens
1198 1770 1230 1798 et
1252 1766 1368 1804 fidelis,

954 1815 1021 1847 Nos
1044 1815 1080 1846 in
1102 1813 1168 1846 fide
1191 1815 1318 1854 robora,

906 1862 957 1894 Ab
982 1861 1031 1895 his
1056 1863 1140 1894 vitae
1165 1862 1352 1902 corruptelis

955 1910 1017 1942 Cor
1043 1918 1155 1942 curans
1181 1911 1213 1941 et
1238 1918 1381 1949 corpora,

906 1959 952 1991 Ut
973 1958 1035 1990 iam
1060 1956 1162 1989 nostri
1185 1956 1228 1989 sit
1251 1956 1284 1988 in
1309 1957 1406 1988 caelis

952 2003 1037 2037 Fixa
1062 2005 1166 2037 cordis
1191 2013 1317 2036 ancora.

819 2082 875 2115 20.
899 2081 990 2113 Mala
1016 2080 1136 2123 delens,
1162 2088 1244 2121 quae
1259 2088 1428 2120 meremur,

948 2128 1055 2160 Vitam
1077 2128 1152 2160 iuva
1176 2126 1336 2168 fragilem,

900 2176 944 2209 Ut
964 2185 1033 2208 cum
1047 2175 1165 2208 sanctis
1179 2175 1429 2215 contemplemur

947 2224 1042 2258 Pium
1069 2226 1100 2254 et
1123 2223 1325 2263 placabilem,

899 2272 997 2311 Quem
1021 2272 1054 2303 in
1080 2271 1198 2314 sanctis
1222 2271 1383 2303 imitemur

945 2319 1096 2359 Magnum
1122 2323 1154 2351 et
1177 2317 1366 2351 mirabilem.

198 2387 276 2412 Orat.
299 2393 350 2412 ms.
371 2384 569 2420 Anglicannm
589 2392 663 2411 saec.
687 2381 730 2411 13.
772 2382 841 2411 Ood.
862 2384 1024 2412 Londinen.
1047 2383 1095 2411 Ar.
1117 2379 1180 2410 201.
