1655 2573
750 161 1006 196 -194—

537 261 569 293 4.
595 255 711 292 Amica
735 256 852 296 sponsi,
877 255 944 288 fida
967 253 1077 293 tutrix,

537 658 555 689 01

595 304 644 337 Tu
668 307 743 336 nata
765 303 841 346 nati,
867 301 969 343 patris
993 300 1111 342 nutrix,

592 350 630 383 In
654 352 830 390 opportuno
854 354 889 382 tu
913 347 1062 388 adiutrix,

637 397 685 428 Tu
709 397 794 427 salus
819 396 851 427 in
874 394 1034 435 periculo;

594 442 722 482 Regalis
747 443 848 484 virgo,
873 443 963 482 virga
985 441 1081 481 Iesse,

593 489 733 520 Virtutes
760 489 800 520 de
824 498 886 528 qua
909 490 982 521 sunt
1007 495 1161 530 egressae,

596 535 643 567 Tu
667 535 867 567 laborantum
893 534 959 567 falx
983 534 1017 565 in
1041 543 1151 578 messe,

634 581 714 622 Spes
739 582 849 614 mortis
871 582 905 614 in
929 581 1073 615 articulo,

562 684 568 690 .
594 653 730 690 Divinae
753 657 893 697 praedae
916 659 952 688 tu
979 664 1011 686 es
1038 656 1144 696 cassis,

595 703 712 736 Salutis
737 705 862 734 nostrae
886 702 977 734 firma
1000 703 1103 745 tassis,

593 750 642 782 Tu
666 750 753 788 quies
779 749 811 781 in
834 750 944 781 labore
968 748 1069 792 lassis,

634 796 682 827 Tu
705 795 787 827 fixus
812 797 903 835 polus
928 796 1074 837 arcticus,

593 842 788 881 Dipondium
811 845 846 874 tu
871 851 904 874 es
929 844 961 874 et
983 842 1072 882 assis,

593 888 642 921 Tu
666 888 840 920 Salomonis
864 889 921 921 illa
946 888 1067 927 classis,

588 934 639 967 Ex
664 935 764 974 Ophir
789 936 857 966 auri
882 944 974 975 quam
1000 943 1066 966 cum
1093 935 1204 967 massis

633 981 775 1013 Advexit
798 991 913 1021 gnarus
938 983 1094 1014 nauticus.

595 1052 687 1090 Oliva
711 1057 797 1096 pacis
822 1059 983 1095 unctuosa,

591 1102 641 1135 Tu
664 1103 771 1134 laurus
797 1111 829 1134 es
854 1103 1030 1140 vict01iosa‚

591 1149 640 1181 Tu
664 1151 772 1181 storax
796 1149 931 1191 pinguis,
958 1149 1108 1188 resinosa,

634 1195 682 1226 Tu
706 1196 821 1227 mastix
846 1195 1026 1235 aromatica,

591 1242 640 1274 Tu
663 1242 809 1274 redolens
835 1251 867 1274 es
894 1243 1131 1282 cinnamomum,

592 1288 703 1321 Suavis
729 1289 835 1320 odoris
860 1291 894 1320 tu
919 1297 1085 1329 amomum,

590 1335 638 1367 Tu
663 1344 772 1374 pomus
797 1336 881 1367 vitae
904 1338 1028 1375 gestans
1053 1344 1192 1375 pomum,

633 1381 682 1412 Tu
705 1382 824 1414 nardus
849 1390 972 1422 quoque
997 1382 1121 1415 celtica.

562 1481 569 1488 .
594 1452 741 1489 miranda
764 1458 868 1487 turtur
894 1465 1004 1489 carens
1029 1455 1114 1496 felle,

591 1502 640 1535 Tu
664 1502 732 1541 apis
759 1511 791 1534 es
816 1502 980 1535 abundans
1004 1504 1108 1543 melle,

590 1548 638 1580 Tu
662 1549 763 1580 sutrix
788 1550 891 1581 Deum
914 1553 1023 1588 tegens
1047 1551 1142 1590 pelle,

631 1595 797 1627 Humanae
820 1597 923 1628 carnis
948 1596 1073 1638 tunica3

591 1642 641 1675 Tu
663 1642 818 1673 matutina
841 1643 948 1674 lucens
973 1643 1077 1682 stella,

592 1688 724 1721 Vinaria
747 1691 782 1720 tu
807 1689 889 1729 regis
915 1689 1004 1728 cella,

591 1735 785 1768 Bituminata
808 1738 843 1767 tu
866 1735 996 1777 fiscella,

633 1782 681 1813 Tu
707 1785 793 1814 casta
818 1782 959 1815 Phoenix
983 1783 1085 1815 unica.

557 1884 564 1891 .
588 1853 627 1890 In
651 1856 752 1888 Domo
776 1857 882 1889 David
908 1858 995 1889 cedri
1019 1858 1149 1902 tignum,

589 1903 638 1936 Tu
662 1904 798 1935 nationis
822 1908 950 1937 nostrae
974 1905 1107 1944 signum,

589 1949 805 1983 Fructiferum
829 1954 864 1983 tu
887 1953 973 1984 vitae
996 1952 1114 1991 lignum

635 1997 706 2029 Non
734 1996 873 2030 defluens
897 1999 930 2030 in
955 1997 1043 2037 folio,

589 2044 761 2078 conclusus
786 2045 906 2086 hortus,
932 2045 1003 2077 fons
1028 2046 1179 2089 signatus,

589 2091 638 2123 Tu
663 2099 737 2130 ager
763 2091 868 2124 Gazae
890 2093 1054 2134 irrigatus,

586 2137 770 2169 Divinitatis
796 2141 864 2171 sato
889 2142 986 2179 satus,

631 2184 679 2215 Tu
703 2186 814 2216 messis
840 2195 949 2218 carens
973 2186 1059 2219 lolio.

553 2284 561 2291 ,
588 2254 669 2291 Nam
693 2261 725 2289 te
749 2261 889 2297 gustanti
913 2263 947 2292 tu
973 2269 1006 2291 es
1028 2262 1149 2302 suavis,'

588 2303 637 2335 Tu
662 2305 752 2344 caeli,
776 2307 882 2337 terrae
906 2316 984 2339 vera
1007 2308 1115 2348 clavis,

589 2351 627 2383 In
652 2350 832 2384 turbulento
857 2354 937 2387 mari
960 2354 1058 2397 navis,

630 2397 677 2429 Tu
702 2407 807 2442 prora,
832 2401 958 2444 puppis,
986 2409 1112 2442 ancora,
