1655 2573
711 151 752 158 —-
802 130 869 166 228

198 234 277 266 302.
292 232 369 263 Pars
391 230 458 262 nati
484 229 562 261 dicit
585 227 774 260 Zachariae:

291 279 369 310 Tam
386 276 538 316 Saphirae
558 284 650 315 quam
667 272 811 305 Ananiae

338 324 371 357 Si
395 323 499 355 subita
519 330 602 354 mors
628 319 738 360 obfuit,

289 372 413 404 Revera
436 369 556 400 cunctis
580 368 622 400 acl
642 365 798 398 medelam

293 416 501 449 Correctionis
527 417 559 445 et
582 413 739 453 sequelam

339 463 478 495 Aeterna
501 461 566 491 vita
585 459 715 500 profuit.

201 549 279 580 303.
294 546 356 578 Sed
380 545 442 576 ista
467 544 592 584 quidem
617 541 805 575 admiranda

293 592 372 624 Sunt
395 591 501 631 potius
526 598 616 629 quam
642 588 796 621 imitanda

342 638 503 678 Pergendo
528 638 580 668 via
601 637 697 678 regia,

291 685 372 717 Nam
385 684 444 716 etsi
449 684 585 723 quinque
589 683 679 723 porci
686 690 811 722 gregem

292 732 500 768 Constituant‚
509 738 699 762 communem
711 730 809 768 legem

340 780 516 812 Paucorum
540 776 707 817 privilegia

202 855 280 887 304.
293 853 364 885 Non
383 852 512 892 faciunt,
538 855 573 882 ut
598 859 696 883 canon
715 849 809 883 fatur.

294 899 328 931 Si
353 899 457 938 placet
482 907 565 938 ergo,
593 898 758 929 dirimatur

341 945 528 985 Quantocius
551 945 611 976 hoc
634 944 798 983 proelium,

292 993 331 1024 In
354 991 440 1024 foliis
465 1000 532 1022 cum
557 991 646 1022 nulla
668 990 748 1030 vice,

294 1039 357 1071 Sed
381 1038 511 1069 rationis
535 1038 568 1068 in
593 1038 701 1069 radice

344 1085 501 1117 Consistat
526 1084 729 1123 evangelium.

739 1145 758 1166 >y

203 1225 378 1259 308.Dum
403 1225 457 1256 diu
480 1223 566 1256 foret
588 1224 775 1260 altercatum

297 1271 342 1303 Et
365 1271 543 1302 alternatim
569 1269 757 1309 adlegatum‚

342 1317 387 1349 Et
408 1318 493 1357 parti
510 1325 584 1356 pars
602 1325 663 1348 non
682 1317 817 1357 cederet,

298 1363 361 1396 Sed
385 1372 460 1403 pars
484 1367 617 1402 utraque
641 1363 803 1404 niteretur,

301 1410 389 1448 Quod
425 1411 510 1449 parti
542 1418 617 1448 pars
650 1410 696 1440 sic
727 1417 818 1448 prae-

595 1454 742 1497 ferretur,

347 1501 391 1535 Ut
416 1503 546 1533 alteram
569 1501 781 1543 praecederet,

209 1560 285 1593 309.
304 1559 454 1590 Assessor
480 1557 572 1589 dicit:
602 1557 672 1589 Hoc
696 1558 822 1596 utrique

302 1604 337 1636 Si
359 1604 495 1644 placeat,
520 1612 594 1643 pars
619 1602 785 1642 utrobique

350 1651 553 1683 Probationes
579 1650 694 1689 abigat,

300 1698 338 1729 In
360 1706 452 1729 causa
469 1705 590 1736 quoque
607 1696 821 1738 concludatur,

301 1744 346 1775 Et
370 1743 449 1775 bene
473 1744 569 1776 iudex
592 1743 776 1782 instruatur,

348 1789 398 1822 Nc
413 1791 461 1822 ius
478 1791 530 1822 vel
543 1789 660 1821 factum
674 1790 820 1830 ambigat.

212 1847 291 1881 310.
304 1845 493 1886 Respondet
545 1854 621 1885 pars
670 1848 820 1885 utraque:

600 1892 718 1932 Placet,

302 1940 347 1971 Et
369 1941 543 1979 reputetur,
569 1939 597 1970 si
621 1948 684 1978 qua
708 1941 792 1971 tacet

351 1987 439 2027 Pars,
463 1986 572 2026 utique
595 1986 809 2025 consentiens3

304 2031 509 2064 Processibus
535 2035 567 2063 et
590 2032 727 2064 actitatis

305 2080 365 2111 Per
389 2079 587 2119 iudicemque
608 2078 757 2111 iudicatis

351 2127 430 2158 Pars
444 2128 555 2158 neutra
568 2126 611 2157 sit
625 2125 823 2158 dissentiens.

214 2183 291 2217 311.
306 2182 462 2215 Conclusa
479 2182 600 2213 demum
618 2182 665 2212 sic
680 2183 712 2213 in
733 2191 826 2213 causa

305 2228 350 2261 Et
372 2229 455 2260 inter
486 2230 594 2268 partes
620 2227 705 2260 facta.
727 2237 827 2267 pausa

355 2275 538 2308 Traduntur
561 2277 632 2306 acta
654 2274 752 2307 iudici

308 2323 462 2355 Sollerter
486 2322 528 2354 ad
553 2321 793 2354 examinandum

305 2370 350 2403 Et
374 2369 471 2401 artius
497 2369 538 2401 ad
563 2369 812 2409 auscultandum,

355 2417 387 2450 Si
412 2418 508 2448 testes
533 2415 596 2448 sint
619 2416 778 2458 autentici,

870 224 948 257 305.
962 222 1041 254 Pars
1065 219 1162 251 alt’ra
1184 217 1279 250 dicit:
1305 216 1379 248 Scio
1400 223 1486 255 vere,

963 267 1050 306 Quod
1076 267 1109 298 in
1134 265 1243 297 radice
1264 265 1386 296 latuere

1012 314 1151 346 Virtutes
1176 320 1287 344 sacrae
1310 310 1455 351 paginae,

963 362 1027 394 Sed
1048 360 1118 393 istis
1144 358 1269 398 quidem
1295 356 1465 396 abutendo,

961 406 1090 441 Reflexo
1115 406 1195 438 calle
1217 403 1392 445 gradiendo

1010 453 1190 486 Perti-ansis
1213 452 1248 483 in
1270 450 1418 491 imagine,

870 513 947 546 306.
962 511 1086 544 Idcirco
1105 509 1191 549 cede,
1217 516 1292 547 pars
1310 506 1486 546 praeconis,

962 557 1012 590 Ne
1036 560 1068 589 te
1094 554 1266 588 confundat
1281 563 1344 586 vox
1362 553 1488 585 echonis

1009 604 1066 636 Vel
1091 603 1228 635 tonitrus
1250 600 1420 643 percutiat,

963 653 1030 683 Aut
1053 650 1242 682 adversetur
1265 648 1325 680 tibi
1350 649 1458 686 Satan,

964 698 1024 731 Seu
1050 699 1145 737 prout
1160 695 1296 728 Albiron
1313 698 1346 726 et
1360 694 1489 727 Dathan

1008 745 1055 776 Te
1080 744 1200 775 terrula
1226 742 1391 783 deglutiat.

871 802 951 835 307.
966 800 1028 833 Hic
1051 809 1125 840 pars
1150 799 1322 839 respondet
1338 806 1488 837 praecur-

1264 853 1364 877 soris:

966 894 1046 926 Pars
1073 892 1149 924 mihi
1175 892 1253 923 cede
1276 891 1454 932 piscatoris,

1012 940 1061 971 Ne
1085 940 1238 971 Dominus
1263 938 1422 978 percutiat

963 987 1010 1019 Tc
1030 988 1112 1018 sicut
1129 986 1204 1018 olim
1219 985 1288 1017 Her
1306 988 1337 1016 et
1351 984 1487 1024 Honam,

963 1034 1021 1066 Vel
1038 1037 1073 1064 ut
1090 1033 1241 1064 rebellem
1258 1034 1362 1063 vatem
1379 1032 1490 1063 Ionam

1011 1080 1059 1111 Te
1087 1084 1173 1111 cetus
1195 1086 1236 1111 ne
1256 1079 1419 1118 deglutiat.

929 1144 948 1164 *

876 1222 1012 1256 312.Εὶ
1035 1223 1153 1261 quanta
1176 1218 1257 1251 fides
1281 1218 1463 1251 adhibenda

969 1269 1015 1301 Sit
1040 1267 1118 1309 ipsis
1143 1266 1234 1298 iuxta
1258 1265 1449 1304 requirenda

1016 1313 1180 1353 Legitimis
1205 1314 1239 1344 in
1262 1312 1407 1353 testibus,

969 1361 1015 1395 Ut
1039 1362 1065 1393 si
1092 1359 1233 1399 corrupti
1258 1360 1322 1391 sint
1346 1367 1453 1390 amore

969 1408 1031 1440 Seu
1056 1407 1139 1446 odio,
1166 1407 1216 1437 vel
1242 1406 1269 1436 si
1295 1404 1405 1437 favore

1017 1454 1080 1486 Seu
1102 1452 1266 1485 lucrativis
1296 1452 1490 1495 quaestibus,

879 1548 957 1580 313.
972 1549 1038 1578 Aut
1064 1549 1160 1577 testes
1179 1549 1338 1585 tamquam
1356 1545 1496 1577 saniores

970 1593 1167 1632 Exceptione
1192 1593 1253 1624 sint
1279 1592 1424 1633 maiores,

1017 1640 1055 1671 In
1082 1639 1174 1671 dictis
1198 1647 1261 1670 non
1285 1638 1433 1682 falsidici,

974 1686 1106 1726 Vulgari
1129 1686 1226 1717 verbo
1253 1686 1322 1718 sive
1346 1684 1441 1728 fama,

973 1733 1006 1765 Si
1031 1742 1092 1764 vox
1117 1732 1226 1764 audita
1249 1733 1292 1764 sit
1315 1732 1345 1763 in
1373 1732 1485 1771 Rama,

1019 1780 1107 1819 Quod
1125 1788 1255 1819 prorsus
1273 1781 1338 1812 sint
1350 1779 1495 1822 veridici,

883 1865 960 1899 314.
976 1864 1034 1896 Vel
1053 1865 1132 1896 iuris
1157 1864 1235 1896 ordo
1260 1865 1304 1895 sit
1328 1866 1450 1896 artatus

972 1911 1155 1943 Enormiter
1179 1920 1234 1942 seu
1260 1910 1401 1948 vitiatus,

1021 1958 1080 1989 Vel
1101 1959 1126 1989 si
1145 1958 1220 1998 quid
1238 1961 1285 1989 est
1301 1958 1498 1997 propositum

974 2006 1052 2037 Post.
1075 2004 1144 2036 litis
1169 2005 1431 2036 contestationem

976 2051 1034 2083 Vel
1058 2054 1131 2084 ante
1153 2060 1211 2091 per
1235 2052 1463 2092 exceptionem,

1022 2098 1112 2138 Quod
1129 2098 1239 2130 tendat
1254 2099 1295 2130 ad
1309 2099 1498 2137 oppositum.

885 2183 962 2215 315.
977 2184 1042 2216 Aut
1067 2182 1094 2214 si
1118 2190 1301 2222 processum
1318 2182 1379 2216 hac
1394 2183 1428 2214 in
1445 2184 1503 2215 lite

976 2228 1137 2268 Legaliter
1161 2229 1206 2260 sit.
1228 2232 1323 2268 atque
1347 2230 1420 2272 rite,

1025 2275 1086 2307 Seu
1100 2276 1127 2307 si
1141 2276 1310 2316 quidquam
1326 2285 1345 2308 a
1357 2277 1503 2316 partibus

979 2322 1157 2356 Obmissum
1181 2323 1224 2355 sit
1247 2322 1415 2364 incuriose,

977 2370 1066 2410 Quod
1076 2370 1224 2412 suppleat
1236 2379 1330 2411 quam
1343 2372 1505 2404 cautelose

1024 2417 1095 2450 Hoc
1120 2418 1250 2450 curiosis
1273 2418 1405 2453 artibus
