1655 2573
762 148 1020 183 -132—

254 249 285 280 2.
313 246 397 279 Nato
422 249 495 278 tuae
519 246 605 279 filiae
930 244 961 275 3.
986 242 1066 278 Ave,
1087 241 1190 271 mater
1214 238 1357 278 virginis,

359 294 412 333 pie
436 303 493 325 nos
517 293 710 333 commenda,
1035 295 1118 327 quae
1141 286 1274 317 laetavit
1296 285 1412 322 Iesum,

315 339 370 381 Ut,
401 341 525 380 quando
551 340 706 371 sententia
989 334 1097 373 Ipsum
1121 341 1198 372 roga
1222 336 1355 373 propter
1380 339 1436 363 nos

359 388 420 418 erit
443 386 587 418 ferienda
1039 389 1108 412 cum
1132 378 1267 419 flagellis
1293 386 1427 417 caesum,

312 433 456 465 Extremi
479 432 600 471 iudicii,
992 429 1034 461 ITt
1062 427 1234 458 clementer
1257 426 1366 458 visitet

360 482 469 511 nostra
491 482 566 510 tuno
592 478 738 509 ducenda
1037 482 1087 506 me
1112 473 1252 513 peccatis
1277 473 1408 510 laesum,

312 527 350 558 In
380 526 482 556 caelos
507 527 550 556 sit
573 525 678 556 anima
987 522 1070 554 Nam
1095 520 1214 551 erranti
1238 519 1362 551 animae

362 570 479 603 sanetis
505 572 740 610 congaudenda.
1038 576 1126 599 meae
1151 567 1234 598 male
1258 574 1416 605 praesum.

593 647 624 678 4.
651 645 727 677 Noli
750 654 800 676 me
824 644 986 683 despicere

703 692 852 723 miserum
875 691 1049 730 indignum,

652 738 715 771 Sed
741 738 890 770 offensum
914 737 1052 769 iudicem

699 785 775 817 mihi
800 782 852 816 fac
875 783 1054 826 benignum,

650 832 755 863 Filiae
777 839 829 862 me
853 829 952 861 facias

699 878 884 910 servitorem
910 877 1049 919 dignum,

652 925 774 956 Vestris
799 932 922 963 quoque
946 924 1066 955 meritis

698 972 822 1003 vincam
847 970 899 1002 hic
922 971 1102 1011 malignum.

321 1057 399 1083 Orat.
420 1065 472 1082 ms.
494 1054 677 1083 Carthusian.
698 1063 773 1082 saec.
796 1052 839 1082 15.
882 1053 943 1081 Cod
965 1054 1057 1090 Capit.
1077 1054 1225 1081 Treviren.
1249 1052 1311 1081 116.

676 1193 741 1223 257.
772 1192 815 1223 De
836 1193 943 1224 saneto
965 1192 1106 1224 Antonio.

259 1281 289 1314 1.
319 1280 440 1323 Gaude,
466 1284 560 1320 pater
584 1281 628 1312 mi
652 1281 781 1321 Antoni,
961 1283 991 1314 6.
1018 1281 1138 1319 Gaude,
1165 1280 1262 1312 eremi
1286 1283 1321 1313 tu
1347 1280 1443 1312 vitam

318 1327 428 1359 Totius
458 1327 583 1367 paterni
609 1327 683 1359 boni
1017 1327 1145 1360 Laudas
1170 1327 1272 1359 tribus
1289 1327 1402 1368 pugnis
1423 1327 1540 1367 quitam

316 1375 356 1406 In
382 1382 494 1414 egenos
521 1374 717 1416 dispartitor,
1018 1375 1082 1406 Seu
1106 1375 1243 1415 auditus,
1269 1375 1367 1412 visus,
1395 1374 1469 1414 oris,

321 1419 439 1451 Christi
459 1421 574 1452 surdus
598 1429 659 1451 non
685 1421 821 1454 auditor.
1019 1421 1082 1453 Sed
1104 1430 1166 1452 non
1184 1422 1288 1453 cordis
1307 1421 1427 1453 eunetis
1445 1421 1541 1453 horis.

267 1505 298 1536 2.
325 1502 446 1545 Gaude,
473 1506 505 1534 te
528 1503 738 1535 daemoniales
960 1505 990 1537 7.
1016 1504 1136 1544 Gaude,
1163 1505 1268 1545 angeli
1291 1506 1446 1537 laetantes

320 1549 457 1591 Turbae,
483 1549 571 1581 ferae
594 1548 767 1581 infernales
1017 1551 1073 1591 Te,
1103 1552 1160 1583 sed
1187 1552 1354 1584 daemones
1380 1551 1542 1584 obstantes

320 1596 397 1627 Dire
422 1599 521 1628 totum
546 1596 735 1635 lacerarunt,
1017 1597 1122 1629 Multa
1146 1598 1205 1630 tibi
1230 1599 1422 1639 obiecerunt,

318 1642 392 1674 Non
418 1646 449 1674 te
473 1646 578 1675 tamen
603 1647 800 1682 superarunt.
1018 1644 1083 1676 Sed
1107 1645 1272 1684 probando
1297 1644 1493 1678 defecerunt.

266 1728 297 1760 3.
324 1725 446 1766 Gaude,
471 1727 524 1766 pie
548 1726 693 1757 visitatus
960 1729 990 1761 8.
1019 1728 1139 1766 Gaude,
1165 1738 1238 1761 nam
1263 1732 1296 1761 te
1316 1732 1400 1762 totus
1426 1730 1512 1762 orbis

319 1773 364 1804 Es
390 1782 409 1804 a
435 1772 558 1805 Christo
585 1775 614 1803 et
640 1776 767 1805 sanatus
1020 1775 1113 1816 Colit,
1139 1778 1174 1807 ut
1198 1786 1217 1808 a
1241 1777 1343 1809 tribus
1369 1777 1499 1815 morbis,

320 1820 358 1851 111
382 1820 551 1859 splendore
575 1819 802 1861 praefulgente,
1018 1822 1051 1854 Si
1076 1832 1139 1855 non
1157 1823 1230 1866 sint,
1257 1825 1304 1856 sic
1320 1828 1543 1865 praeservetur

321 1866 435 1898 Omnes
460 1867 566 1898 hostes
590 1867 798 1906 propellente.
1017 1870 1069 1912 Et,
1097 1869 1125 1901 si
1148 1870 1211 1901 iam
1236 1871 1309 1912 sint,
1335 1873 1371 1903 ut
1397 1874 1534 1904 curetur.

263 1952 295 1984 4.
323 1950 444 1990 Gaude,
474 1951 533 1982 tibi
558 1951 700 1982 meruisti
962 1954 992 1986 9.
1021 1954 1142 1995 Gaude,
1169 1963 1226 1994 ego
1248 1964 1369 1996 pauper
1393 1955 1486 1987 homo

320 1997 373 2029 Ex
397 1998 607 2037 promissione
632 1998 750 2030 Christi
1020 2002 1139 2033 Parvas
1164 2002 1223 2033 tibi
1247 2002 1358 2034 laudes
1383 2011 1503 2042 promo,

321 2044 443 2076 Nomen
469 2048 555 2076 tuum
583 2045 779 2077 dilatandum
1018 2048 1065 2079 Te
1088 2047 1140 2078 hic
1165 2049 1232 2080 colo
1254 2058 1314 2088 pro
1339 2052 1484 2089 patrono,

319 2090 363 2122 Et
379 2100 437 2129 per
450 2094 549 2123 totum
561 2092 712 2123 mundum
726 2092 865 2125 fandum.
1018 2094 1125 2126 Firma
1152 2104 1202 2126 me
1225 2096 1259 2126 in
1284 2095 1368 2128 omni
1395 2095 1488 2136 bono,

265 2175 295 2208 5.
322 2174 443 2214 Gaude,
474 2175 595 2214 laqueis
620 2176 728 2207 vidisti
938 2179 991 2210 lo.
1017 2179 1065 2211 Ut
1088 2187 1106 2209 a
1133 2178 1234 2217 culpis
1259 2179 1421 2211 absolutus

321 2221 476 2252 Mundum
500 2222 627 2261 plenum
653 2225 684 2252 et
707 2223 843 2255 audisti:
1019 2225 1061 2256 Et
1087 2233 1106 2255 a
1131 2225 1251 2256 cunctis
1277 2226 1387 2265 poenis
1413 2230 1498 2259 tutus

322 2267 382 2299 His
408 2267 567 2299 humilitas
591 2277 654 2299 non
678 2270 780 2309 cadet,
1019 2271 1095 2302 Mox
1118 2280 1178 2311 per
1201 2274 1290 2304 tuum
1313 2273 1503 2307 adiuvamen

322 2314 437 2346 Nullus
461 2315 529 2346 sine
553 2314 613 2346 hac
637 2316 760 2348 evadet.
1017 2318 1546 2358 Migranshinosimteoum.Amen.

326 2398 405 2426 Orat.
425 2407 477 2425 ms.
503 2397 685 2425 Carthusian.
706 2408 781 2427 saec.
803 2397 846 2427 15.
888 2400 956 2427 Cod.
978 2400 1070 2438 Capit.
1091 2403 1240 2431 Treviren.
1263 2403 1326 2433 116.
