1655 2573
650 93 883 130 -39—

459 188 505 221 73.
537 189 644 222 Oratio
666 187 706 219 ad
724 187 863 219 sanctum
883 185 1060 218 Adrianum.

148 294 156 301 .
182 271 283 309 Ave,
308 269 452 301 Adriane
476 268 621 310 gloriose,
800 269 831 300 3.
859 266 1016 307 Gaude,
1043 270 1182 309 martyr,
1212 266 1252 298 de
1276 263 1406 310 honore,

181 316 307 355 Martyr
332 319 441 348 sancte
466 320 497 348 et
522 315 672 358 formose,
859 314 910 346 Da
937 314 1077 345 solamen
1101 314 1134 345 in
1158 322 1311 352 maerore,

182 362 328 395 Hostiam
353 366 387 394 te
410 362 552 395 obtulisti
862 360 1005 393 Gratiam
1032 360 1073 392 da
1097 363 1129 391 et
1151 361 1301 392 virtutem

181 410 261 449 Deo,
293 410 348 442 eui
369 410 547 443 credidisti.
858 407 953 439 Nunc
975 416 1075 446 usque
1098 407 1132 439 in
1157 409 1360 439 senectutem,

151 502 157 509 .
183 476 326 515 Salve,
352 477 475 515 martyr
497 474 567 506 Deo
594 473 716 515 dignus,
803 475 834 506 4.
861 474 988 512 Vale,
1013 475 1049 504 tu
1073 473 1172 504 amice
1195 473 1267 512 Dei,

183 522 284 562 Mitis,
308 522 382 562 pius
406 524 439 553 et
463 522 626 562 benignus,
861 520 985 552 Memor
1012 523 1089 559 esto,
1115 528 1238 559 preeor,
1263 519 1335 559 mei,

186 569 255 601 Tua
279 577 375 609 prece
398 568 517 600 munda
538 567 660 607 sordeS,
861 566 947 597 Deus
972 569 1007 597 ut
1030 567 1073 598 sit
1096 575 1221 606 semper
1245 574 1369 599 meeum

185 616 269 647 Sana
293 623 404 654 aegros
430 617 462 646 et
487 614 649 647 vecordes
860 613 905 644 Et
939 621 993 644 cor
1017 622 1119 645 meum
1144 622 1270 653 semper
1294 617 1408 645 tecum.

513 768 561 799 ⁹74.
590 767 636 799 Ad
658 768 799 799 sanetum
818 767 990 799 Erasmum.

147 877 154 883 ,
180 851 283 887 Ave,
309 851 432 887 martyr
455 847 603 887 pretiose,
802 847 835 880 3.
862 845 1017 889 Gaude,
1043 848 1155 885 potens
1182 846 1268 885 apud
1293 845 1403 890 Deum,

182 896 206 928 Ο
233 895 368 927 Erasme
388 894 533 934 gloriose,
859 893 957 925 Omne
980 893 1097 925 malum
1121 893 1206 933 pelle
1230 901 1342 935 meum,

180 943 279 982 Quam
309 943 490 973 constanter
510 940 565 971 hio
590 941 722 979 certasti,
857 940 927 971 Tua
953 939 1034 972 dona
1059 939 1112 971 fae
1130 941 1238 972 lucere

180 989 264 1020 Dum
287 990 440 1028 tyrannos
465 988 635 1028 superasti.
858 986 897 1017 In
920 995 971 1018 me
994 995 1119 1028 semper
1145 990 1178 1018 et
1201 987 1329 1020 habere.

149 1082 154 1089 .
182 1054 325 1097 Salve,
351 1054 479 1093 praesul
503 1052 699 1091 benedictus,
802 1053 835 1084 4.
860 1052 987 1090 Vale,
1013 1055 1136 1092 martyr
1159 1052 1355 1095 sublimatus,

185 1102 297 1133 Multis
320 1100 431 1141 poenis
454 1109 517 1132 non
542 1100 715 1142 convietus
862 1099 941 1132 Cum
964 1098 1084 1131 honore
1108 1103 1287 1143 coronatus,

184 1148 327 1180 Tandem
354 1147 423 1179 dire
447 1147 631 1187 visceratus,
862 1145 974 1178 Gratia
999 1147 1040 1178 da
1064 1146 1117 1178 hio
1141 1146 1280 1186 gaudere

187 1196 277 1227 Inter
300 1197 426 1227 sanctos
451 1202 483 1225 es
508 1194 691 1226 translatus.
861 1192 905 1224 Et
930 1201 1000 1224 eum
1025 1192 1150 1226 Christo
1175 1202 1373 1234 permanere.

590 1350 636 1380 75,
664 1348 711 1380 Ad
730 1351 871 1388 sanetum
889 1349 945 1381 NN.

150 1455 156 1463 .
182 1430 287 1470 Ave,
314 1429 400 1461 Deus
425 1428 501 1461 boni
526 1428 627 1467 dator,
809 1429 840 1461 3.
867 1428 1012 1470 Gaude,
1038 1430 1161 1468 martyr
1184 1430 1414 1470 praemunitus,

183 1476 242 1516 Qui
266 1475 330 1508 NN
354 1484 387 1507 es
414 1478 547 1516 creator,
863 1475 902 1507 In
927 1484 1027 1515 agone
1051 1475 1228 1515 exauditus,

184 1523 282 1555 Nasci
307 1526 450 1555 sanctum
476 1531 569 1562 quem
594 1521 708 1561 fecisti,
863 1521 964 1554 Nobis
991 1522 1040 1563 da,
1068 1523 1152 1563 quod
1176 1523 1364 1566 impetrasti,

185 1570 243 1603 Cui
266 1570 348 1602 mira
373 1570 552 1603 ostendisti.
863 1568 946 1602 Dum
971 1570 1005 1601 in
1028 1572 1131 1602 morte
1157 1570 1304 1603 exorasti.

151 1665 156 1671 .
184 1636 327 1680 Salve,
351 1636 479 1675 praesul
506 1636 672 1674 exaltatus,
810 1637 841 1669 4.
867 1636 991 1678 Vale,
1017 1639 1128 1676 pastor
1151 1636 1296 1679 gloriose,

182 1683 251 1715 Deo
279 1683 401 1725 dignuS,
428 1683 517 1723 plebi
541 1687 661 1723 gratus,
866 1683 1005 1723 Respice
1028 1692 1086 1715 nos
1110 1682 1266 1727 favorose,

184 1730 300 1763 Hostia
322 1734 358 1762 tu
382 1729 485 1763 faetus
508 1730 638 1771 Christi,
868 1731 915 1763 Ut
937 1739 1022 1763 nune
1046 1730 1137 1763 bonis
1161 1729 1329 1763 floreamus

183 1777 279 1810 Salva
302 1787 360 1809 nos
384 1778 418 1810 in
443 1778 509 1810 vita
532 1778 626 1810 tristi.
866 1777 910 1810 Et
935 1786 1004 1809 cum
1029 1776 1097 1810 Deo
1123 1779 1324 1819 gaudeamus

327 1924 372 1957 76.
403 1924 450 1956 Ad
469 1926 608 1956 sanctum
628 1924 883 1966 Ghristophorum
904 1926 1079 1964 martyrem
1102 1926 1214 1957 oratio.

151 2031 158 2038 .
185 2005 289 2049 Ave,
317 2008 426 2038 sancte
451 2004 687 2047 Christophore,
806 2007 836 2039 3.
864 2005 1024 2048 Gaude,
1050 2008 1174 2046 martyr
1197 2009 1232 2038 tu
1255 2007 1403 2047 invictus,

186 2054 290 2085 Iesum
316 2055 442 2085 secutus
466 2061 613 2093 propere,
866 2054 895 2086 A
920 2062 971 2085 me
996 2062 1122 2093 semper
1147 2054 1344 2094 benedictus,

187 2101 308 2134 Cuncta
336 2101 416 2133 bona
441 2100 601 2143 respuisti,
868 2100 999 2133 Gratiae
1022 2110 1106 2133 nunc
1132 2100 1242 2134 confer
1264 2110 1379 2146 rorem,

187 2147 314 2180 Summo
337 2148 410 2180 Deo
436 2148 606 2180 servivisti.
867 2148 985 2181 Verum
1008 2148 1071 2181 Dei
1096 2151 1127 2181 et
1151 2158 1300 2182 amorem.

151 2237 159 2245 .
185 2214 331 2256 Salve,
359 2214 477 2247 Christi
502 2214 670 2257 baiulator,
809 2216 842 2249 4.
870 2215 989 2256 Vale,
1022 2224 1150 2248 consors
1175 2225 1393 2261 supernorum,

185 2263 215 2295 A
240 2271 300 2302 quo
324 2261 428 2295 faetus
452 2262 657 2302 praedicator
864 2263 945 2296 Tela
968 2262 1080 2303 frange
1103 2272 1334 2307 perversorum,

186 2310 307 2343 Multas
330 2313 452 2344 turmas
476 2309 662 2342 convertisti
865 2310 917 2343 Da
940 2319 1025 2342 nune
1049 2313 1159 2343 sancte
1181 2311 1363 2344 conversari

187 2358 311 2393 Poenas
338 2357 424 2390 diras
450 2360 481 2389 et
506 2357 629 2391 subisti.
865 2357 910 2391 Et
933 2360 1006 2399 post
1029 2358 1127 2391 vitam
1148 2368 1221 2391 mox
1247 2359 1345 2392 beari.
