1655 2573
698 138 954 178 —151-

561 239 708 271 Vestram
731 247 816 270 nunc
839 239 1005 282 porrigite,

610 286 760 318 mundum
785 286 868 326 quod
894 286 977 317 hunc
999 295 1113 318 vanum

562 333 767 366 Contemnam
792 335 824 364 et,
848 332 996 365 Satanam

608 384 769 412 conteram
793 378 970 419 profanum,

251 442 331 469 Orat.
352 451 404 470 ms.
427 443 610 471 Carthusian.
632 452 706 471 saec.
720 442 762 472 15.
790 444 860 471 Cod.
881 444 975 480 Capit.
995 444 1143 471 Treviren.
1164 442 1226 471 116.
1247 459 1286 463 -
1306 443 1331 478 2,
1354 444 1369 471 1
1390 445 1466 473 Nam

175 482 208 506 tu
227 481 292 515 pios
312 489 405 517 geg-en
424 480 476 508 das
490 481 655 508 Akrostich.
675 496 713 501 —-
731 480 758 514 4,
779 479 797 508 8
817 483 896 509 omni
915 490 932 508 a
945 484 1034 508 reatu.
1054 496 1085 501 —-
1099 481 1125 515 7,
1148 480 1162 508 1
1177 481 1252 510 Nam
1265 482 1411 510 adversus.
1427 496 1465 501 —

178 515 204 551 9,
227 517 241 544 1
264 518 394 546 Stetit-:ctis
414 527 483 546 nam
496 519 630 546 viriliter.

583 619 649 650 288.
679 619 722 649 De
743 619 849 649 sancto
869 618 1065 657 Hieronymo.

189 698 220 730 1.
248 698 369 738 Gaude,
395 699 525 729 lucerna
550 698 702 729 ecclesiae
887 699 917 730 6.
946 696 1057 729 Gaude
1081 696 1152 729 fons
1177 698 1411 738 catholicorum,

247 745 453 784 Accensaque
477 753 567 776 sacro
590 743 726 784 flamine,
945 743 1059 774 Vinum
1086 740 1202 787 [dulce]
1227 746 1444 783 iumentorum,

247 791 367 822 Lumen
392 800 574 824 succensum
603 791 742 830 caelitus,
946 790 1080 823 Gamelis
1096 792 1253 832 praebens
1265 794 1374 832 potum
1388 791 1472 823 vitae

245 839 367 870 Fenum
393 838 578 870 comburens
602 838 737 878 penitus
943 838 1063 877 Longe,
1089 838 1165 880 late,
1189 847 1290 878 prope
1315 838 1404 872 sitae.

188 896 219 926 2.
246 894 367 938 Gaude,
394 895 472 926 tuba
496 903 655 935 sonorosa‚
887 895 917 926 7.
946 893 1066 934 Gaude,
1093 893 1185 926 fortis
1210 895 1300 926 miles
1328 894 1456 937 Christi,

244 941 366 974 Doctor
391 942 479 982 legis,
506 942 585 981 legis
608 942 706 981 glosa,
944 940 1098 981 Pompam
1122 942 1233 974 mundi
1255 941 1428 984 succidisti,

244 988 314 1019 Vox
336 988 484 1029 iucunda,
511 988 595 1019 laeta
619 995 716 1026 prosa
944 988 1057 1027 Iugum
1083 986 1203 1020 Christi
1226 991 1263 1019 tu
1285 988 1431 1029 portasti,

245 1034 352 1073 Sonus⁷
370 1038 407 1072 ut
430 1035 600 1075 angelicus.
946 1033 1044 1065 Omne
1068 1042 1183 1066 vanum
1207 1035 1384 1068 declinasti.

187 1093 217 1124 3.
246 1090 367 1130 Gaude,
395 1090 559 1122 eitharista
586 1090 676 1130 legis,
888 1090 919 1121 8.
946 1089 1067 1130 Gaude,
1092 1094 1194 1122 mater
1219 1091 1353 1122 ecclesia

246 1138 416 1178 Organista
440 1138 553 1169 summi
576 1137 670 1177 regis,
945 1136 991 1168 Te
1015 1137 1126 1169 laudat,
1150 1141 1183 1169 et
1209 1138 1373 1177 catholica,

243 1185 307 1217 Per
331 1193 423 1224 quem
450 1184 552 1216 dulcis
578 1184 735 1216 cantilena
945 1184 1032 1222 Quae
1055 1192 1114 1223 per
1139 1185 1247 1216 orbem
1272 1188 1320 1215 est
1344 1183 1467 1224 diffusa,

245 1231 343 1267 Sonat,
366 1231 484 1263 mundo
509 1240 595 1263 mero
620 1231 724 1271 plena.
944 1230 1027 1262 Fide
1050 1234 1139 1263 recta
1162 1234 1226 1263 stat
1250 1231 1380 1263 inclusa.

182 1290 215 1321 4.
245 1287 369 1326 Gaude,
394 1288 480 1319 laeta
503 1287 677 1327 harmonia,
888 1288 920 1318 9.
947 1286 971 1318 O
999 1287 1100 1319 dulcis
1124 1290 1218 1328 pater
1242 1296 1426 1328 pauperum,

245 1335 439 1374 Angelorum
465 1334 662 1376 symphonia,
943 1333 1006 1365 Pro
1031 1342 1081 1364 me
1105 1335 1203 1374 impio
1229 1334 1397 1366 Dominum

240 1381 383 1414 Auribus
407 1381 549 1414 fidelium
943 1380 1126 1419 Deprecare
1152 1390 1222 1412 cum
1243 1381 1358 1421 Maria,

240 1428 344 1460 Dulce
367 1429 506 1460 reddens
530 1428 674 1459 iubilum.
808 1462 814 1465 ,
942 1427 1050 1458 Matre
1075 1428 1203 1467 Christi,
1228 1436 1324 1467 prece
1348 1428 1411 1468 pia.

183 1486 214 1518 5.
241 1485 363 1525 Gaude,
391 1485 491 1516 dulcis
517 1484 693 1524 Ieronyme,
863 1483 915 1515 10.
942 1482 989 1515 Ut
1012 1487 1085 1522 post
1108 1484 1217 1516 mundi
1243 1484 1388 1515 exsilium

241 1531 311 1564 Lux
337 1532 446 1563 lucens
470 1531 504 1563 in
527 1531 669 1573 meridie,
943 1529 1143 1570 Virginitatis
1167 1530 1267 1562 filium

241 1579 323 1611 Nam
348 1579 441 1618 pellit
464 1578 574 1610 mundi
598 1576 746 1609 tenebras
942 1577 1076 1608 Videam
1099 1579 1133 1610 in
1159 1577 1346 1609 caelestibus

240 1626 413 1658 Doctrinae
437 1629 510 1657 tuae
534 1625 663 1658 veritaS.
941 1624 1080 1656 Adiutus
1105 1625 1219 1657 vestris
1244 1625 1403 1665 precibus.

247 1691 326 1718 Orat.
347 1700 400 1718 ms.
421 1691 605 1718 Carthusian.
627 1698 702 1717 saec.
725 1687 768 1716 15.
802 1689 871 1717 Cod.
893 1689 988 1725 Capit..
1008 1690 1155 1718 Treviren.
1178 1688 1241 1717 116.

574 1791 641 1822 289.
671 1790 715 1821 De
735 1791 841 1821 sancto
861 1790 1055 1830 Hieronymo.

181 1864 212 1896 1.
240 1863 265 1896 Ο
293 1862 456 1894 doctorum
484 1861 603 1899 doctor,
630 1869 698 1900 ave,
858 1862 889 1893 3.
915 1860 1040 1892 Vermis
1066 1869 1144 1893 rana
1170 1861 1244 1893 dum
1268 1863 1390 1901 coaxat,

239 1910 441 1942 Servulorum
466 1909 529 1940 imo
554 1907 637 1947 fave,
915 1907 988 1939 Non
1013 1916 1070 1947 spe
1093 1917 1175 1941 vana
1198 1908 1337 1948 linguam
1362 1908 1451 1940 laxat

284 1957 460 2000 1eronyme,
487 1956 532 1987 mi
557 1955 690 1998 domine,
964 1956 1042 1988 Cum
1067 1956 1187 1995 angelis
1211 1954 1408 1998 hymniferis,

236 2005 432 2044 Acceptetur
454 2004 508 2035 hic
531 2003 677 2043 benigne,
915 2002 1101 2034 Exstinctus
1126 2003 1173 2034 sic
1200 2003 1294 2035 carbo
1320 2003 1428 2042 linquo

238 2053 432 2092 Quamquam
458 2052 551 2083 detur
573 2050 641 2082 laus
658 2049 788 2089 indigne
916 2049 1101 2082 Exstinctos
1127 2053 1159 2081 et
1182 2050 1402 2089 appropinquo

285 2100 335 2132 De
358 2101 564 2141 peccatorum
588 2098 721 2131 homine.
965 2096 1161 2129 carbonibus
1186 2095 1341 2137 igniferis.

178 2160 209 2192 2.
236 2157 271 2190 Si
295 2157 443 2197 indignus
469 2158 525 2188 aut
547 2157 708 2195 peccator,
858 2155 890 2187 4.
916 2153 982 2185 Dat
1005 2153 1138 2193 gradum
1163 2154 1363 2194 aequalitatis

236 2205 308 2236 Non
333 2204 490 2244 malignus
513 2204 541 2235 is
567 2202 716 2234 laudator
915 2201 1086 2233 Mulierum
1111 2202 1212 2234 maior
1240 2201 1323 2233 natis

280 2253 355 2285 Dici
381 2255 476 2292 queat
498 2250 644 2292 iuridice‚
963 2248 1037 2280 Tibi
1062 2257 1168 2281 secum
1191 2250 1225 2280 in
1249 2249 1402 2293 praemio,

232 2301 327 2341 Nam,
344 2303 381 2332 ut
396 2300 516 2339 laudet,
544 2299 682 2338 inquam,
702 2305 785 2340 reuS,
916 2296 963 2328 Te
987 2295 1052 2328 fert
1075 2297 1136 2329 sibi
1162 2297 1336 2336 considere,

235 2349 324 2381 Mori·
345 2348 464 2388 gaudet
484 2347 580 2379 homo
605 2345 704 2385 Deus,
917 2343 994 2380 Pari
1018 2344 1090 2375 luce
1113 2343 1274 2385 refulgere

282 2395 375 2435 Quod
400 2394 544 2429 creditur
567 2393 719 2426 veridice.
963 2392 1002 2424 In
1026 2393 1170 2431 paradisi
1193 2390 1323 2431 gremio,
