1655 2573
162 294 192 327 1.

157 446 188 478 2.

663 129 918 168 ——103--

567 226 625 257 197.
653 225 696 256 De
715 227 820 257 sancto
840 226 1022 257 Donatiano.

220 292 343 334 Gaude,
368 293 424 326 lux
447 294 637 334 Donatiane,
838 297 869 329 3.
897 295 1017 335 Gaude,
1043 293 1150 326 triduo
1175 289 1355 325 submersus

214 341 313 373 Pater
336 344 455 384 sancte,
484 341 607 383 fulgens
631 350 723 374 mane
895 343 992 374 Vivus
1016 349 1145 374 manens
1170 349 1228 372 nec
1250 341 1414 372 immersus

263 387 441 428 Conceptus
466 390 629 422 miraculo.
942 390 1052 429 Aquae
1076 387 1133 420 sub
1159 387 1350 419 umbraculo.

217 443 338 483 Gaude,
363 445 479 477 tollens
505 446 606 477 zelum
630 445 731 486 patris
837 447 868 478 4.
896 445 1016 487 Gaude,
1044 445 1129 477 caelo
1154 452 1237 475 nunc
1262 444 1404 485 donatus,

214 490 324 523 Nonus
350 490 484 523 fratrum
509 495 605 532 partu
629 491 739 523 matris
894 493 990 533 Regis
1014 500 1121 533 regum
1146 491 1331 523 sublimatus

260 538 410 570 Mirando
435 540 626 579 spectaculo.
943 539 1068 571 Summo
1092 538 1305 569 tabernaculo.

560 597 592 627 5.
619 594 675 627 Pie
698 596 802 637 pater,
827 597 859 625 te
883 604 1038 635 rogamus,

616 642 685 673 Tua
710 649 805 679 prece
829 641 1020 680 gaudeamus

665 686 784 718 Tecum
808 687 999 720 habitaculo.

221 769 301 797 Orat.
320 778 374 797 ms.
397 770 529 797 Carthus.
552 771 702 798 Colonien.
722 778 796 797 saec.
819 768 862 797 15.
894 770 963 797 Cod.
984 769 1133 798 Colonien.
1155 767 1199 796 28.

568 909 630 940 198.
659 909 702 939 De
723 910 830 940 sancto
851 908 1016 940 Dominico.

212 978 332 1019 Gaude,
358 979 469 1018 plenus
496 979 636 1016 caritate,
892 977 1012 1018 Gaude,
1039 978 1121 1017 quia,
1149 983 1217 1007 cum
1245 976 1354 1009 vidisti

213 1025 304 1057 Vitae
324 1025 428 1056 nitens
451 1025 601 1065 puritate,
889 1026 977 1057 Inter
1000 1025 1128 1056 missam
1153 1032 1266 1062 corpus
1292 1022 1421 1065 Christi,

258 1070 429 1105 Confessor
452 1072 628 1113 Dominice,
933 1071 1055 1111 Raptus
1085 1078 1154 1102 eras
1176 1070 1318 1111 mystice.

213 1118 333 1162 Gaude,
361 1119 444 1158 quod
469 1128 517 1172 ex·
534 1121 691 1160 mtestate
833 1129 864 1160 3.
891 1127 1012 1167 Gaude,
1039 1135 1113 1167 qma
1139 1126 1283 1166 effugasti

212 1165 349 1197 Imbrem
375 1166 520 1205 rePUhStl
545 1175 565 1197 a
586 1169 618 1197 ’ίθ
891 1174 1067 1206 Daemones
1093 1176 1124 1204 et
1147 1173 1306 1204 suscitasti

256 1214 319 1245 Pel*
344 1221 466 1244 crucem
492 1212 634 1247 mirifiee·
937 1221 1081 1253 Mortuos
1105 1219 1279 1260 magnifice,

214 1268 334 1312 Gaude,
361 1269 446 1308 quod
470 1269 588 1301 virtute
612 1269 730 1303 Christi
889 1267 1010 1310 Gaude,
1037 1269 1111 1307 quia
1136 1276 1202 1298 cum
1229 1267 1331 1299 beatis

208 1316 356 1347 Inimicos
382 1316 566 1348 convertisti
888 1315 1006 1355 Regem
1031 1314 1133 1347 cernis
1156 1314 1342 1355 maiestatis,

255 1362 349 1394 Fidei
374 1363 555 1403 catholicae,
911 1361 1032 1393 Doctor
1056 1361 1239 1401 apostolice.

539 1419 570 1450 4.
598 1418 664 1449 Nos
690 1425 846 1456 supernae
869 1417 1043 1448 maiestatis

597 1464 661 1496 Per
685 1472 823 1495 amorem
849 1464 990 1495 caritatis

642 1511 710 1544 Fac
732 1511 867 1542 heredes
892 1511 1017 1542 caelice.

211 1597 290 1625 Orat.
311 1605 364 1624 ms.
384 1597 574 1624 Trudonense
592 1604 668 1624 saec.
686 1593 730 1623 16.
750 1597 791 1623 in.
825 1594 896 1623 Cod.
914 1596 1054 1623 Leodjen.
1074 1592 1139 1623 395.

558 1736 619 1767 199.
653 1735 694 1766 De
713 1736 820 1766 sancto
840 1735 1013 1767 Franciscc.

208 1805 328 1844 Gaude,
354 1805 478 1846 fulgens
505 1806 621 1838 Christi
646 1806 755 1848 signis,
827 1808 858 1840 3.
885 1806 1006 1848 Gaude,
1034 1805 1118 1846 quod
1142 1805 1174 1836 in
1200 1806 1252 1837 via
1276 1805 1372 1836 moris

205 1852 377 1885 Francisce
401 1856 504 1894 pater,
530 1853 662 1894 insignis
886 1853 1076 1886 Crucifixum
1100 1853 1134 1885 vi
1158 1853 1273 1884 amoris

251 1901 358 1942 Plagis
384 1899 567 1941 salutiferis,
929 1901 1051 1933 Dextro
1075 1900 1160 1942 pede
1183 1899 1335 1940 sequeris,

204 1948 325 1988 Gaude,
351 1948 411 1979 tibi
436 1948 519 1988 quod
544 1948 651 1980 illatus
884 1948 1005 1988 Gaude,
1032 1948 1115 1989 quod
1132 1947 1246 1987 pedem
1263 1947 1435 1978 secundum

202 1996 317 2029 Gordis
339 2004 428 2027 amor
449 1996 538 2035 rupit
561 1996 644 2027 latus
884 1995 1027 2028 Christus
1052 1995 1172 2036 sigillat
1195 1994 1369 2026 secundum

250 2043 358 2076 Instar
383 2042 502 2075 Christi
525 2043 647 2076 lateris.
930 2044 1080 2076 Formam
1102 2042 1152 2074 sui
1171 2042 1321 2075 vulneriS.

202 2099 323 2143 Gaude,
351 2099 424 2139 quia
450 2100 596 2132 dextram
620 2108 745 2131 manum
824 2102 856 2134 4.
882 2100 979 2144 Ergo,
1005 2100 1096 2132 miles
1122 2099 1235 2130 summi
1261 2099 1360 2139 ducis,

201 2147 311 2188 Signat
335 2156 397 2179 non
422 2155 500 2187 opus
526 2148 704 2186 humanum,
881 2149 982 2180 Arma
1006 2146 1121 2187 ferens,
1147 2146 1199 2178 hic
1225 2146 1352 2179 caducis

244 2195 353 2237 Plaga,
379 2195 501 2234 signum
525 2193 673 2237 foederis,
927 2196 1026 2235 Opem
1050 2194 1135 2227 feras
1160 2194 1307 2235 posteris,

199 2242 319 2286 Gaude,
344 2243 503 2274 sauciatus
528 2243 630 2285 laeva,
877 2243 922 2275 Et
944 2245 979 2274 tu
1004 2243 1129 2276 Christo
1152 2242 1199 2273 sic
1224 2240 1394 2274 conformis

198 2291 266 2330 Qua
289 2290 442 2332 labentes,
468 2293 570 2332 pater,
596 2291 668 2323 leva
877 2291 986 2332 Plagis
1012 2294 1043 2323 et
1064 2291 1217 2324 virtutum
1241 2288 1351 2321 formis

245 2338 311 2370 Nos
338 2338 377 2370 de
397 2338 489 2380 lapsu
515 2339 653 2370 sceleris.
926 2339 993 2371 Nos
1019 2337 1182 2371 conforma
1206 2337 1341 2377 superiS.

203 2406 282 2432 Orat.
303 2413 355 2432 ms.
377 2404 537 2438 Campense
559 2407 629 2432 anni
649 2401 731 2431 1462.
763 2403 831 2432 Cod.
853 2404 1067 2432 Darmstadien.
1089 2401 1154 2430 521-
