1655 2573
688 121 920 156 -63-

200 214 232 246 5.
258 213 395 247 Calicem
419 216 577 256 accipiens

159 2179 213 2213 10.

301 262 370 294 veri
393 263 543 296 salutaris

253 308 416 348 Supernae
442 310 618 343 dulcedinis

301 356 416 389 haustu
440 357 576 398 satiaris,

253 403 335 435 Dum
362 405 420 437 sub
444 405 515 444 ipso
540 405 666 445 mystici

299 459 411 490 pressa
433 452 601 485 torcularis

257 497 370 529 Vinum
394 498 495 531 stillat
518 508 642 531 roseum

299 554 361 578 uva
384 546 563 585 singularis.

222 632 229 640 ,
255 608 371 641 Botrus
397 610 495 650 Cypri
518 609 624 642 floruit

300 655 396 688 immo
423 656 609 695 reflorescit,

255 701 339 733 Dum
362 702 396 734 in
420 706 521 735 morte
545 707 719 743 martyrum

301 748 417 781 Christi
442 759 526 782 mors
551 748 707 793 fulgescit,

254 797 391 834 Quorum
416 805 551 829 vernans
577 799 728 838 sauguine

299 843 433 876 mundus
459 844 622 877 hilarescit

252 888 296 920 Et
320 893 412 922 aucta
436 891 577 923 victoriis

298 936 377 969 fides
407 938 606 970 convalescit.

219 1026 225 1033 .
252 1001 386 1034 Virtutis
410 1004 571 1043 angelicae

298 1049 400 1090 gratia
424 1050 573 1084 decorum

252 1095 440 1137 Summaque
466 1098 666 1138 conspicuum

297 1143 367 1175 luce
391 1145 584 1185 meritorum,

251 1190 307 1230 Te,
339 1199 454 1223 corona
476 1194 662 1234 martyrum,

300 1237 443 1270 Christus
465 1238 628 1271 beatorum

251 1283 390 1316 Primum
416 1285 505 1318 dedit
528 1288 697 1328 martyrem

299 1331 444 1372 gentibus
469 1333 653 1373 Anglorum.

216 1421 223 1428 .
250 1396 325 1428 Cum
353 1396 494 1430 Christus
518 1398 551 1430 in
574 1398 700 1439 hospite

293 1444 411 1483 suscipi
435 1445 594 1484 credatur,

247 1490 345 1529 Quem
368 1492 508 1531 suscepit
530 1492 697 1533 hospitem,

293 1541 419 1570 sanctus
444 1539 494 1570 vir
518 1540 647 1583 tutatur,

244 1584 422 1624 Hospitalis
446 1586 567 1625 gratiae

290 1632 339 1664 ius
363 1641 404 1664 ne
428 1636 639 1675 pervertatur,

245 1678 359 1711 Fidem
384 1688 513 1713 servans
538 1681 655 1721 hospiti

291 1726 391 1759 hostis
418 1728 597 1767 deputatur.

208 1815 214 1822 .
241 1791 366 1824 Instant
387 1792 494 1825 hostes
514 1793 602 1835 fidei,

288 1838 384 1873 fidem
407 1843 444 1872 ut
466 1843 620 1882 evertant,

242 1885 286 1917 Ut
311 1887 484 1920 constantis
509 1889 606 1921 animi

287 1934 411 1967 moenia
434 1935 628 1980 subvertant,

243 1980 354 2015 Sancti
376 1991 489 2022 preces
513 1985 663 2025 martyris

289 2037 306 2060 e
332 2029 459 2063 diverso
484 2034 617 2075 certant,

240 2075 285 2109 Ut
307 2077 395 2118 ipsos
419 2077 460 2110 ad
486 2077 562 2111 fidei

284 2124 419 2164 gratiam
444 2130 638 2159 convertant.

239 2181 276 2213 In
301 2181 362 2212 hac
385 2183 470 2216 valle
492 2182 616 2216 lubrica

281 2229 397 2261 misere
423 2230 572 2270 degentes

235 2277 334 2308 Amor
360 2276 479 2310 Christi
506 2278 624 2320 dirigat

282 2324 432 2365 erigendo
456 2328 588 2368 mentes,

850 426 903 458 11.

847 817 900 851 12.

843 1213 896 1246 13.

842 1608 896 1640 14.

837 1998 889 2029 15.

931 218 976 251 Ut
999 218 1101 251 sancti
1126 217 1262 258 vestigia

975 265 1127 306 martyris
1152 269 1318 305 sequentes

931 312 1079 345 Caritatis
1105 311 1203 344 faciat

977 360 1081 392 studio
1107 358 1276 392 ferventes.

930 425 988 464 Qui
1012 434 1132 457 summe
1156 425 1325 465 miseriors,

976 473 1029 512 pie
1051 481 1127 512 quos
1153 473 1280 512 creavit,

930 519 992 551 Per
1016 520 1253 552 misericordiae

976 567 1098 599 viscera
1122 567 1264 609 salvavit,

931 612 1062 645 Pietatis
1088 622 1216 652 operam

976 667 1072 699 opere
1095 660 1252 699 probavit,

931 705 1008 737 Cum
1035 706 1074 737 de
1099 707 1208 745 paucis
1234 706 1367 745 panibus

973 752 1099 791 plebem
1123 753 1253 785 multam
1277 753 1374 792 pavit.

927 818 1094 858 Propriam
1118 819 1150 851 in
1175 819 1326 859 proximis

976 874 1099 898 causam
1124 866 1365 907 perpendentes,

928 912 1133 945 consolantes
1156 913 1302 951 invicem,

973 961 1080 992 mutuo
1104 962 1279 1002 pascentes,

927 1006 1020 1038 Circa
1044 1015 1149 1039 curam
1174 1007 1332 1047 hospitum

972 1053 1070 1085 simus
1096 1054 1272 1096 diligentes,

926 1100 1033 1140 Ipsum
1057 1101 1091 1133 in
1114 1100 1292 1141 hospitibus

974 1147 1134 1180 Christum
1160 1147 1354 1181 exhibentes.

923 1212 973 1245 Ne
998 1223 1051 1246 cor
1073 1215 1225 1246 avaritiae

973 1261 1055 1293 curis
1081 1263 1247 1304 coartetur,

923 1307 1028 1347 Larga
1056 1309 1102 1348 pii
1126 1308 1263 1348 pectoris

971 1363 1046 1387 arca
1068 1358 1236 1395 reseretur,

926 1401 1067 1440 Sparsim
1093 1405 1124 1434 et
1150 1412 1218 1434 cum
1243 1401 1357 1442 gaudio

970 1457 1059 1488 seges
1083 1450 1286 1490 seminentur,

924 1495 1019 1535 Quae,
1051 1497 1079 1527 si
1102 1505 1202 1536 parce
1226 1498 1352 1534 seritur,

969 1551 1066 1582 parce
1092 1544 1288 1584 colligentur.

924 1608 1054 1649 Copiam
1079 1618 1284 1643 remunerans

970 1657 1073 1689 cordis
1098 1659 1239 1697 opulenti

919 1703 1005 1736 Fons
1031 1713 1198 1745 erumpens
1222 1703 1318 1738 fluvio

964 1750 1097 1792 profluit
1119 1752 1249 1794 ingenti,

920 1798 997 1831 Cum
1019 1809 1079 1839 pro
1104 1809 1160 1832 suo
1184 1801 1311 1833 nomine

964 1846 1019 1886 pie
1042 1848 1177 1888 patienti

918 1893 1031 1926 Potum
1057 1895 1112 1927 dat
1138 1905 1177 1929 ex
1202 1896 1294 1928 arida

966 1941 1110 1975 Christus
1136 1943 1265 1975 sitienti.

916 1997 979 2030 Dei
1003 2008 1060 2031 nos
1083 1999 1236 2032 iustitiam

964 2045 1018 2086 pie
1041 2046 1184 2081 sitientes

921 2092 992 2125 Vite
1015 2103 1072 2126 nos
1097 2094 1240 2128 reficicat

966 2142 998 2172 et
1023 2143 1172 2175 emundet
1197 2146 1328 2186 mentes,

916 2187 962 2220 Ut
987 2189 1026 2221 de
1050 2190 1251 2230 plenitudine

962 2235 1059 2269 fontis
1089 2238 1273 2271 haurientes

916 2281 1155 2318 Conformemur
1177 2289 1353 2326 martyrum

960 2332 1081 2371 gloriae
1105 2334 1290 2374 gaudentes

214 2388 294 2418 Orat.
314 2389 469 2428 Anglican.
490 2400 565 2420 saec.
589 2390 633 2420 13.
668 2392 738 2423 Cod.
759 2394 922 2423 Londinen.
941 2395 992 2424 Ar.
1011 2394 1075 2425 201.
