1655 2573
675 145 722 152 —-
770 125 836 162 141
888 148 931 153 ——

549 220 613 250 270.
644 219 687 250 De
707 221 814 251 sancto
836 218 1063 259 christophoro.

170 275 202 308 1.
231 276 350 320 Gaude,
380 277 608 318 christophore
632 280 720 319 mire,
848 281 879 312 4.
909 280 1030 317 Gaude,
1058 288 1129 310 nam
1153 283 1183 309 in
1211 278 1274 311 fide
1299 280 1387 310 recta

229 323 295 355 Soli
323 324 464 365 principi
488 327 608 358 servire
904 327 972 358 Tua
995 325 1093 358 facies
1119 328 1286 364 conspecta

274 369 401 403 Summo
430 374 466 403 tu
491 373 697 413 decreveras3
950 373 1075 406 Devoto
1100 372 1160 404 tibi
1183 371 1313 410 homini,

230 416 352 459 Gaude,
379 426 486 459 regem
509 422 545 451 tu
569 420 720 453 maiorem
904 420 965 453 Die
988 420 1045 452 illa
1070 420 1171 451 diram
1194 422 1310 451 sortem

228 464 272 495 Et
298 465 396 498 Satan
421 467 630 507 potentiorem
903 467 1019 509 Mutat,
1045 467 1138 505 pellit
1161 466 1275 498 malam
1300 468 1433 497 mortem

277 511 412 552 Propter
427 512 584 545 Christum
598 523 774 554 spreveras,
952 514 1077 546 Virtute
1102 513 1221 546 Christi
1245 513 1382 546 Domini,
1450 527 1464 544 ι

171 567 201 597 2.
231 567 351 610 Gaude,
378 569 493 601 multos
517 570 585 601 zelo
610 569 737 612 Christi,
848 572 878 604 5.
907 570 1049 603 Christus
1074 579 1152 602 onus
1177 570 1247 602 leve
1272 578 1376 606 suave,

229 614 279 646 Ne
302 616 454 654 perirent,
481 616 705 647 transtululisti
905 618 1003 656 Quem
1026 617 1210 657 quaerebam,
1236 625 1338 648 meum
1357 625 1457 657 gravo

279 661 341 693 Per
364 661 480 693 flumen
502 662 661 702 alacriter,
953 664 1080 696 Pondus
1106 664 1259 695 malorum
1283 663 1390 701 leviat,

228 707 350 748 Gaude,
376 717 434 748 per
455 712 488 740 te
511 718 591 747 puer
613 712 721 748 gratus
902 710 1030 750 Mitiget
1057 710 1307 750 temptationem,

229 755 362 786 Portans
375 756 525 787 mundum
536 758 582 787 est
591 757 773 797 translatus,
902 758 1031 790 Omnem
1056 756 1305 795 tribulationem,

277 800 340 833 Sed
366 805 398 834 te
422 802 539 841 pressit
564 803 690 835 acriter.
951 803 1000 835 Ne
1023 804 1116 836 nimis
1141 804 1174 835 in
1199 812 1248 835 me
1273 804 1403 836 saeviat.

168 858 199 890 3.
227 857 348 900 Gaude,
375 858 466 899 galea
489 859 598 898 ignita,
845 861 875 892 6.
904 860 1025 900 Gaude,
1051 860 1151 891 hostis
1177 868 1288 891 caecus
1314 859 1414 891 faetus

225 904 353 936 Ardens
380 913 549 947 scamnum,
575 904 700 938 infinita
902 907 953 939 Ex
979 915 1089 938 cruore
1113 910 1168 939 tuo
1194 909 1295 938 tactus

274 951 353 983 Tela
378 955 411 983 te
433 961 496 984 non
520 955 681 993 superant,
950 953 1049 985 Sanus
1074 953 1112 985 fit
1136 957 1167 985 et
1192 954 1356 993 credulus3

227 997 347 1041 Gaude,
375 1001 445 1031 octo
470 999 681 1041 quadraginta
904 1000 949 1032 Ut
973 1001 1020 1032 sic
1043 1008 1173 1040 pergam
1199 1000 1316 1032 Christi
1342 1001 1434 1040 viam,

224 1045 319 1078 Milia
342 1054 401 1085 per
424 1047 458 1076 te
481 1045 628 1078 adcincta
904 1048 992 1087 Quod
1017 1047 1051 1078 in
1074 1050 1176 1079 morte
1200 1048 1305 1079 salvus
1332 1046 1416 1086 fiam,

272 1092 327 1125 Ad
350 1092 446 1124 fidem
472 1095 652 1132 eruperant.
951 1094 1014 1126 Ora
1042 1102 1102 1134 pro
1125 1102 1176 1126 me
1200 1094 1338 1127 sedulus.

231 1148 313 1175 Orat.
333 1156 386 1176 ms.
408 1147 592 1176 Garthusian.
612 1157 688 1176 saec.
704 1147 749 1176 15.
775 1148 845 1177 Cod.
867 1149 963 1185 Capit.
982 1150 1132 1177 Treviren.
1153 1147 1216 1177 116.
1230 1164 1268 1168 —
1288 1148 1315 1183 5,
1331 1147 1346 1176 1
1368 1150 1442 1177 levis

549 1230 608 1261 271.
641 1231 684 1261 De
704 1231 810 1262 saneto
829 1230 1056 1271 Christophoro.

250 1292 274 1323 O
307 1290 426 1323 Christi
460 1292 599 1332 martyr,
635 1290 776 1323 Christo-
928 1292 972 1324 Et
996 1300 1103 1324 amare
1129 1292 1225 1324 corde
1249 1295 1315 1325 toto

550 1338 659 1380 phore,
927 1339 1028 1371 Deum
1054 1347 1163 1371 verum
1188 1339 1292 1380 laude,
1319 1342 1392 1371 voto

249 1384 300 1416 Sis
334 1392 454 1416 memor
478 1385 578 1416 nostri
602 1388 657 1416 tua
681 1392 777 1424 prece
927 1387 1011 1418 Prae
1036 1387 1155 1417 cunctis
1180 1387 1346 1419 mundanis
1371 1386 1450 1419 istis.

247 1432 345 1472 Apud
369 1431 471 1463 Deum
498 1432 582 1463 omni
606 1432 693 1475 hora,
927 1432 973 1466 Ut
1000 1435 1072 1474 post
1098 1433 1189 1465 huius
1214 1433 1323 1465 mundi
1348 1433 1450 1465 tristis

248 1478 316 1510 Nos
340 1480 431 1510 tuere
454 1478 523 1510 sine
546 1487 645 1510 mora.
845 1480 900 1514 15.
925 1480 1150 1512 Blandimenta
1172 1482 1206 1511 te
1229 1483 1398 1520 praesente

194 1527 225 1558 5.
253 1526 385 1565 Corpus,
420 1534 545 1557 sensum
570 1528 602 1557 et
626 1525 775 1557 honorem
926 1527 1056 1567 Absque
1081 1528 1164 1559 omni
1188 1529 1272 1560 mala
1296 1531 1390 1567 gente

250 1573 420 1611 conserva,
448 1573 501 1612 qui
528 1572 608 1604 caeli
632 1571 741 1604 florem
925 1575 1088 1607 Ducamur
1112 1575 1153 1607 ad
1180 1575 1259 1606 caeli
1284 1583 1425 1616 regnum,

249 1619 398 1651 Meruisti
423 1619 476 1650 hic
496 1622 626 1659 portare
926 1624 964 1654 In
989 1631 1050 1662 quo
1075 1622 1221 1661 gaudium
1249 1625 1411 1654 aeternum

251 1668 340 1699 Inter
364 1667 455 1698 ulnas
479 1666 565 1699 ultra
589 1675 685 1700 mare.
924 1668 986 1701 Est
1010 1672 1042 1700 et
1067 1669 1128 1700 erit
1150 1669 1220 1702 sine
1243 1669 1306 1702 fine

248 1714 316 1746 Nos
341 1723 400 1753 per
424 1716 542 1746 tantam
570 1714 753 1755 dignitatem
846 1717 901 1750 20.
926 1716 1039 1748 Honor
1065 1716 1175 1749 deitati
1199 1717 1312 1749 trinae.

165 1760 219 1793 10.
245 1762 314 1794 Fac
337 1761 439 1793 vitare
465 1762 654 1801 pravitatem

226 1817 307 1844 Orat.
327 1825 381 1843 ms.
404 1816 589 1844 Carthusian.
610 1825 685 1845 saec.
707 1816 753 1846 15.
792 1819 862 1847 Cud.
883 1819 979 1856 Capit.
998 1821 1149 1848 Treviren.
1170 1818 1234 1848 116.

589 1901 654 1931 272.
684 1900 728 1933 De
749 1903 856 1933 sancto
877 1901 1013 1941 cyriaco.

245 1960 363 1993 Sancte
386 1962 488 1993 mater
513 1960 658 2003 cyriace,
927 1963 1042 2003 Sicque
1065 1964 1194 1996 tandem
1221 1964 1396 1996 decollatus

245 2008 356 2040 Firma
379 2016 430 2039 me
453 2008 486 2039 in
512 2007 573 2039 Dei
598 2017 686 2049 pace,
923 2010 1051 2050 Mai-tyr
1077 2009 1180 2043 factus
1206 2020 1239 2043 es
1264 2014 1417 2045 sacratus,

245 2054 304 2095 Qui
329 2064 388 2095 per
412 2054 509 2088 Satan
534 2057 717 2089 molestatas
924 2058 1018 2090 Alme
1043 2061 1166 2098 martyr
1191 2061 1222 2090 et
1245 2058 1353 2099 levita,

247 2102 393 2135 Caesaris
424 2105 455 2134 et
478 2103 561 2143 regis
586 2106 677 2136 natas
924 2106 1024 2138 Serva
1048 2114 1098 2137 me
1122 2106 1155 2138 in
1179 2108 1247 2138 tota
1271 2106 1346 2146 vita,

186 2152 216 2183 5.
243 2151 273 2182 A
298 2149 408 2183 furore
431 2150 587 2193 liberasti,
845 2153 898 2186 15.
924 2153 1078 2185 sensuum
1103 2163 1121 2186 o
1145 2154 1199 2194 pie
1225 2156 1338 2196 custos,

243 2198 332 2231 Intus
357 2197 507 2238 forasque
532 2199 669 2239 sanasti3
925 2201 1042 2233 Sensus
1067 2209 1153 2233 meos
1178 2200 1231 2233 fac
1255 2201 1410 2244 robustos,

245 2245 423 2286 Caesarque
451 2246 676 2286 Maximianus,
924 2249 978 2282 Sic
1000 2251 1037 2280 ut
1060 2258 1221 2289 nunquam
1245 2249 1385 2281 insanire

243 2293 289 2326 Ut
313 2296 348 2325 tu
372 2293 466 2326 fieres
490 2294 629 2330 insanus.
924 2295 979 2328 Me
1004 2296 1167 2337 contingat
1190 2300 1245 2328 aut
1269 2297 1386 2338 perire,

241 2341 342 2373 Tuum
369 2344 465 2381 caput
489 2351 559 2373 cum
585 2342 711 2375 ardenti
924 2344 1011 2375 Deus
1034 2346 1121 2375 tuum
1146 2352 1205 2383 per
1228 2345 1374 2375 iuvamen

161 2389 215 2422 10.
243 2389 319 2420 Pice
343 2388 439 2421 torsit
461 2398 525 2422 non
551 2390 688 2431 nocenti,
843 2392 898 2423 20.
926 2391 1035 2423 Salvet
1058 2399 1109 2421 me
1132 2391 1259 2430 ubique.
1309 2393 1420 2425 Amen.

222 2445 302 2474 Orat.
322 2453 375 2472 ms.
398 2443 582 2474 carthusien.
603 2453 678 2474 saec.
702 2444 745 2474 15.
787 2446 856 2474 Cod.
879 2446 973 2484 Capit.
993 2446 1142 2474 Treviren.
1165 2444 1227 2476 116.
