1655 2573
771 108 1005 144 *98—

672 202 733 235 182.
762 203 805 233 De
825 200 931 232 sancto
952 198 1104 231 Barnaba.

262 263 292 295 1.
320 262 440 304 Gaude,
465 263 613 296 Barnaba
637 263 750 305 fidelis,
931 262 962 292 2.
991 258 1113 297 Gaude,
1140 265 1209 288 cum
1235 253 1332 286 Paulo
1356 250 1498 289 signatus

321 309 427 349 Stirpe
451 313 537 342 ortus
562 310 701 353 Israelis,
989 306 1043 337 Ad
1068 312 1146 343 opus
1172 301 1369 354 apostolatus

366 357 431 389 Sed
454 359 579 390 iunctus
605 355 766 398 apostolis
1036 351 1081 384 Es
1108 351 1147 382 de
1172 348 1252 381 caeh
1277 346 1425 398 ouh-nme,-

320 402 439 446 Gaude,
466 403 561 434 rebus
585 403 739 442 spoliatus
990 398 1113 437 Gaude,
1138 397 1213 435 quia
1233 393 1427 442 praedicasti

316 449 440 488 Mundi,
466 449 516 480 vir
540 450 638 481 bonus
663 451 790 481 vocatus
992 446 1070 478 Cum
1094 443 1192 475 Paulo
1218 443 1250 471 et
1272 437 1421 493 ‘refutasti

361 494 406 526 Es
432 497 464 526 et
486 496 597 533 plenus
622 493 757 526 flamine.
1035 490 1173 522 Errores
1196 486 1369 527 gentilium.

604 553 634 583 3.
663 549 783 588 Gaude,
810 549 884 589 quia
909 545 1081 579 consolaris

661 596 690 627 A
716 596 852 636 Christo,
877 596 950 634 igne
975 592 1124 624 cremaris

708 642 738 675 A
761 642 886 674 Iudaeis
912 640 1067 681 pessimis,

658 690 751 722 Nunc
774 689 807 720 in
833 689 920 720 caelo
945 686 1137 729 iucundam,

659 737 760 774 Iunge
782 735 904 766 meritis
927 733 1102 773 praeclaris

709 781 774 813 Nos
801 789 870 811 cum
895 781 973 811 viris
997 779 1134 819 optimis.

322 849 401 876 Orat.
428 857 479 874 m‚.
499 841 662 874 Trudonens
712 852 786 872 saec.
802 842 845 872 16.
867 848 906 871 in.
931 843 1001 871 God.
1025 843 1163 871 Leodien.
1186 840 1250 870 395.
1272 855 1308 860 —-
1329 839 1355 871 2,
1372 839 1388 868 6
1408 840 1541 868 Honores

245 886 406 921 gentilium.
427 899 464 903 —-
483 881 509 917 3,
531 883 548 911 2
568 883 618 910 sed
638 883 713 918 igne.
733 896 771 901 —-
791 880 814 910 31
837 880 856 909 4
877 881 933 914 Qui
954 889 1032 908 nunc
1050 881 1090 908 in.

624 963 684 995 183.
715 964 759 995 De
780 964 887 995 sancto
908 962 1156 995 Bartholomaeo.

263 1026 294 1058 1.
321 1024 441 1065 Gaude,
468 1033 486 1056 ο
510 1024 760 1066 Bartholomaee,
933 1026 964 1056 2.
992 1022 1113 1063 Gaude,
1140 1022 1257 1062 populo
1282 1025 1391 1054 sanato

318 1071 409 1110 Quod
435 1072 474 1103 de
495 1071 612 1111 populo
637 1071 776 1103 iudaeae
988 1070 1079 1108 Quod
1102 1069 1184 1101 mire
1206 1070 1326 1109 templo
1350 1068 1502 1101 mundato

363 1119 410 1149 Te
435 1118 530 1159 elegit
556 1117 718 1154 Dominus,
1036 1118 1103 1150 Das
1125 1117 1283 1156 baptisma
1309 1116 1431 1153 ceteriS‚

317 1163 437 1203 Gaude,
464 1165 547 1205 quod
575 1164 808 1196 daemoniorum
993 1163 1114 1204 Gaude,
1138 1172 1213 1203 rege
1236 1163 1398 1204 baptizato

314 1212 386 1243 Vim
412 1210 556 1243 refrenas
583 1214 615 1242 et
639 1219 745 1243 eorum
992 1210 1056 1243 Sub
1083 1211 1184 1243 fratre
1209 1210 1274 1242 eius
1300 1210 1447 1243 damnato

362 1259 481 1291 Pandis
506 1261 606 1290 artem
631 1259 793 1298 magicam.
1038 1258 1127 1298 Quod
1152 1260 1311 1290 tormenta
1333 1257 1461 1297 pateris.

620 1316 651 1347 3.
679 1313 801 1353 Gaude,
827 1313 912 1352 quod
937 1314 1115 1345 exentiatus

680 1360 791 1393 Caelos
817 1359 943 1391 scandis
968 1361 1128 1392 laureatus

727 1406 830 1439 Ghoro
855 1406 1039 1447 apostolico,

679 1453 813 1485 Nostros
839 1453 945 1485 deleat
967 1456 1073 1485 reatus

678 1500 746 1531 Tuo
771 1508 829 1532 rex
853 1508 961 1539 regum
984 1499 1096 1531 beatus

725 1545 914 1586 Supplicatu
939 1546 1066 1579 caelico.

326 1602 407 1629 Orat.
431 1610 483 1628 ms.
502 1600 690 1628 Trudonense
709 1608 783 1628 saec.
806 1598 850 1627 16.
870 1602 909 1627 in.
941 1600 1009 1628 Cod.
1030 1602 1166 1630 Leodien.
1188 1601 1252 1630 395.

689 1681 752 1713 184.
783 1682 824 1713 De
844 1684 948 1714 sancto
969 1683 1098 1714 Bavone.

541 1742 573 1774 1,
600 1741 721 1781 Gaude,
750 1741 901 1773 mundum
925 1742 1008 1781 quod
1033 1744 1192 1784 sprevisti,

596 1789 743 1828 Alloyne‚
769 1788 859 1820 miles
887 1788 1014 1829 Christi,

643 1834 688 1866 Et
712 1835 799 1867 Bavo
825 1837 1018 1875 cognomine.

260 1891 293 1922 2-
319 1889 431 1922 Gaude
455 1892 487 1921 te
511 1893 598 1922 veste
620 1893 747 1922 exutum
992 1893 1104 1926 Gaude
1128 1895 1213 1934 quod
1236 1894 1337 1927 hostis
1363 1894 1501 1936 fugatur,

316 1936 430 1968 Mundi
455 1942 487 1968 et
509 1940 617 1969 sancto
641 1938 795 1970 indutum,
992 1940 1132 1980 Angelus
1157 1943 1189 1971 te
1214 1942 1394 1973 consolatur

363 1983 546 2015 Monachali
573 1984 693 2017 habim.
1039 1988 1078 2019 In
1102 1987 1247 2019 columba
1272 1988 1398 2019 caelice.

321 2028 441 2082 Gaude,
467 2029 568 2083 factus
595 2041 648 2063 vas
673 2031 833 2069 virtutum,
933 2044 963 2075 4·
992 2042 1113 2082 Gaude,
1140 2046 1264 2082 sumpto
1293 2048 1492 2078 sacramento

319 2076 398 2114 Qffla
421 2078 509 2129 ‘tenes
534 2080 595 2109 lter
619 2080 731 2131 tutum·
994 2089 1122 2121 Caelum
1147 2089 1273 2121 scandis
1296 2090 1331 2121 in
1356 2096 1513 2125 momento

364 2122 533 2154 Paemtens
559 2133 627 2156 cum
652 2129 779 2164 gefflltu·
1038 2137 1115 2167 Post
1139 2135 1263 2167 felicem
1289 2138 1466 2172 transitum.

263 2178 294 2209 3.
322 2176 441 2215 Gaude,
469 2179 553 2217 quod
577 2180 783 2211 resuscitatur
993 2181 1080 2213 Tuae
1104 2182 1208 2221 precis
1233 2181 1417 2217 fulcimento

318 2223 463 2255 Mortuus
489 2227 521 2255 et
545 2226 775 2264 contemplatur
996 2228 1179 2260 Liberemur
1204 2239 1224 2261 a
1247 2233 1415 2275 tormento,

365 2273 395 2303 A
420 2272 452 2301 te
477 2280 553 2304 crux
578 2270 718 2305 mirifice.
1038 2275 1206 2316 Rogamus,
1233 2282 1305 2317 post
1330 2278 1459 2316 obitum.

324 2325 402 2353 Orat„
421 2334 475 2353 ms.
494 2326 682 2355 Trudonense
701 2336 775 2355 saec.
797 2327 840 2356 16.
866 2329 906 2356 in.
942 2329 1009 2357 Cod.
1036 2331 1176 2359 Leodien.
1207 2329 1272 2360 395.
1299 2349 1336 2354 —-
1368 2335 1398 2370 1,
1427 2334 1445 2364 2
1464 2337 1546 2366 Alia-

252 2366 324 2390 ·.·'1ne.
346 2378 382 2382 —
403 2360 428 2398 2,
449 2361 468 2391 4
488 2372 540 2391 vas
561 2364 642 2392 fehlt.
