1655 2573
631 99 863 141 ,ἡ75μ

106 203 160 239 11.
186 203 300 243 Tanta,
325 206 460 247 martyr,
488 204 663 236 delectatus

233 251 329 284 Fidei
352 251 521 292 participe,

187 298 284 340 Quasi
308 299 443 340 quodam
468 299 630 331 debriatus

235 345 384 379 Caritatis
408 345 513 386 adipe,

190 393 304 427 Mundi
330 393 430 426 minas
456 396 488 425 et
513 395 641 424 conatus

236 440 425 480 Triumphas
451 449 520 472 cum
541 439 696 479 principe,

112 528 167 560 12.
193 527 286 560 Pluat
310 526 400 558 nobis
427 534 494 557 cum
519 524 628 565 regina

238 573 303 606 Ros
329 571 473 605 caelestis
499 570 628 611 gratiae,

192 621 236 654 Ut
261 621 380 659 ereptis
406 628 425 651 a
449 618 541 650 ruina

238 666 420 699 Praesentis
447 664 593 696 miseriae

194 713 287 745 Felix
310 712 414 753 prosit
437 714 469 743 et
493 709 611 743 festina

241 760 352 792 Virtus
374 757 597 799 paenitentiae.

113 848 168 879 13.
194 843 408 878 Multiformes
432 852 492 884 per
516 851 630 884 agones

241 892 288 924 Te
311 892 449 931 probans
474 890 631 932 idoneum,

191 939 316 978 Fustes,
348 938 476 980 probra,
504 937 695 978 scorpiones,

241 986 330 1018 Ollae
355 984 482 1017 fervens
507 984 621 1023 oleum,

194 1031 318 1074 Vincla,
344 1040 498 1071 carceres,
525 1031 676 1063 carbones

242 1079 348 1112 Vincis
374 1081 406 1111 et
430 1079 582 1110 eculeum.

113 1166 169 1199 14.
195 1164 412 1204 Triumphatis
435 1165 528 1203 plene
551 1162 662 1203 poenis

241 1211 379 1244 Emenso
404 1211 580 1252 septennio,

196 1258 290 1290 Loris
313 1261 433 1290 tractus
459 1260 491 1289 et
515 1257 632 1289 catenis

243 1305 343 1337 Felici
371 1305 555 1344 compendio

197 1353 328 1385 Transis
354 1353 454 1384 victor
476 1361 494 1383 a
519 1351 653 1383 terrenis

245 1401 487 1433 consummante
510 1398 626 1438 gladio.

115 1486 170 1519 15.
197 1485 435 1517 commutantur
460 1484 652 1517 ornamentis

242 1533 343 1565 Arma
366 1531 581 1572 triumphalia,

195 1579 252 1611 Fit
274 1589 360 1612 mors
382 1580 456 1619 ipsa
476 1579 626 1620 patientis

243 1626 337 1660 Vitae
357 1626 529 1666 meritoria,

195 1675 262 1713 Qua
287 1674 439 1706 transitur
464 1683 483 1705 a
507 1674 671 1706 tormentis

241 1722 295 1754 Ad
321 1721 435 1761 quietis
460 1722 552 1753 atria.

785 212 840 245 16.

789 530 843 563 17.

792 848 845 880 18.

796 1167 851 1200 19.

793 1486 847 1519 20.

866 209 1021 242 Diadema
1045 216 1102 248 pro
1128 204 1259 239 thorace

912 257 1113 289 commutans
1134 253 1325 293 aethereum,

865 302 1072 344 Adprobatur
1100 302 1139 334 de
1162 300 1292 334 fornace

914 352 978 383 Vas
1003 348 1178 390 procedens
1203 355 1342 383 aureum,

872 398 935 430 Pro
962 398 1076 429 collata
1101 403 1205 436 regem
1230 402 1312 433 pace

917 445 1085 478 Collaudat
1109 442 1278 474 sidereum.

868 529 980 561 Multis
1005 528 1046 559 ad
1072 530 1104 558 te
1128 527 1230 566 pressi
1255 525 1345 557 malis

915 575 1031 606 Devoti
1058 573 1262 612 confugimus,

869 622 998 654 Palmae
1027 629 1153 660 compos
1178 619 1363 662 aeternalis,

915 668 1068 708 impetra,
1093 667 1177 706 quod
1200 666 1359 704 poscimus

869 714 912 747 Ut
926 723 1013 746 mens
1022 714 1149 753 munda,
1166 721 1239 752 spes
1249 713 1398 751 iucunda,

916 761 1064 794 sincerus
1088 761 1131 791 sit
1153 761 1284 791 animus.

874 846 1019 878 Gloriosa
1041 845 1133 876 miles
1159 844 1286 886 Christi,

917 893 982 924 Per
1007 895 1164 924 certamen
1189 890 1323 927 unicum,

873 941 963 979 Quod
987 942 1141 979 septenne
1163 937 1314 978 peregisti

919 986 1048 1018 Nullum
1074 993 1185 1025 passus
1210 985 1374 1023 lubricum,

873 1034 912 1067 In
936 1033 1062 1075 virtute,
1090 1041 1152 1072 qua
1175 1031 1291 1070 vicisti,

920 1081 1013 1113 Vires
1038 1088 1117 1120 auge
1140 1079 1330 1119 supplicum.

876 1166 926 1199 Tu
949 1174 1009 1205 pro
1033 1166 1103 1204 lege
1127 1163 1188 1196 Dei
1211 1164 1257 1195 tui

921 1212 1055 1244 Certans
1081 1220 1151 1243 cum
1168 1210 1376 1251 principibuS,

874 1259 988 1292 Poenis
1013 1258 1128 1298 spretis
1154 1260 1248 1297 atque
1271 1257 1320 1289 sui

920 1305 1048 1338 Fractis
1073 1305 1163 1345 regni
1187 1305 1318 1336 viribus.

875 1352 1047 1386 Salvator-is
1074 1352 1160 1383 vultu
1187 1350 1249 1382 frui

924 1399 1050 1432 Gaudes
1074 1399 1106 1430 in
1132 1398 1330 1432 caelestibus.

874 1485 937 1517 Per
963 1483 1089 1516 divinae
1114 1483 1294 1523 sponsionis

921 1531 1157 1573 Repromissam
1182 1531 1318 1570 gratiam

874 1579 972 1619 Tuae,
998 1581 1129 1618 martyr,
1156 1577 1312 1617 passionis

922 1627 1063 1666 Agentes
1084 1625 1267 1657 memoriam

876 1674 948 1705 Duc
970 1673 1012 1705 ad
1038 1681 1131 1705 verae
1155 1673 1285 1705 visionis

920 1719 1135 1754 Immortalem
1159 1719 1302 1760 gloriam.

176 1825 256 1853 Orat.
276 1833 330 1853 ms.
349 1825 544 1862 Anglieanum
562 1833 638 1853 saec.
658 1822 701 1853 13.
741 1824 810 1853 0021.
832 1824 995 1853 Londinen.
1016 1825 1065 1853 Ar-
1085 1821 1149 1852 201.

515 1964 577 1997 154.
607 1964 649 1996 De
670 1965 775 1996 sancto
797 1964 956 1997 Guthlaco.

114 2049 145 2081 1.
173 2047 258 2079 Vera
282 2047 371 2087 regni
395 2045 563 2087 perfruens

220 2093 414 2135 perennique
438 2103 526 2134 pace,

172 2142 263 2175 Pacis
289 2140 380 2174 nobis
404 2142 537 2183 gratiam

216 2189 365 2230 impetra,
390 2189 545 2230 Gudlace,

173 2237 219 2271 Ut
242 2238 344 2270 evicto
371 2237 516 2278 principe

217 2285 327 2317 mundi
349 2285 517 2327 pervicace

175 2333 342 2366 Salvemur
366 2343 386 2366 a
407 2331 555 2365 flammea

218 2381 337 2414 saeculi
358 2380 497 2414 fornace.

797 2047 828 2080 2.

855 2044 957 2077 Huius
983 2044 1074 2076 nobis
1100 2043 1222 2084 gratiae

901 2100 1021 2133 pacem,
1047 2091 1184 2133 inquam,
1212 2092 1350 2132 praesta,

853 2140 902 2173 Ne
924 2148 1105 2180 repugnans
1130 2139 1254 2171 animae

902 2196 975 2219 caro
1003 2187 1045 2219 sit
1068 2186 1210 2226 molesta,

856 2235 905 2268 Ne
929 2244 991 2276 qua
1013 2234 1163 2266 membris
1187 2234 1311 2273 ingerat

902 2283 1039 2315 mundus
1061 2281 1240 2320 inhonesta,

854 2330 905 2363 Ne
929 2329 1017 2362 fraus
1043 2327 1140 2361 fallat
1160 2328 1346 2361 daemonum

903 2377 1051 2418 frequens
1077 2380 1108 2408 et
1131 2373 1258 2409 infesta.
