1655 2573
728 138 962 174 -94-

552 237 584 270 3.
611 234 731 276 Gaupe,
757 234 876 274 Agnes,
901 242 974 266 rosa
997 232 1141 272 speciosa

611 282 696 321 Quae
724 284 854 323 accepta
875 283 976 313 morte
999 280 1140 322 pretiosa

657 330 768 363 Caelos
794 327 1013 362 conscendisti.

280 394 358 422 Orat.
380 403 431 421 ms.
453 401 527 422 saec.
549 392 592 422 15.
633 394 701 421 Cod.
721 393 886 422 Bruxellen.
905 390 989 420 4955.

587 482 639 516 171.
669 483 717 514 De
736 491 761 514 s.
779 482 907 514 Alberto
928 481 1105 515 Ganuenta.

217 554 246 587 1.
271 553 390 591 Gaude,
417 552 493 584 felix
519 552 696 595 Carmelita,

272 600 416 637 Alberte,
442 599 495 639 qui
518 603 628 632 sancta
649 599 716 631 vita

321 646 422 678 Luces
447 646 534 679 velut
556 645 670 686 facula,

274 692 394 731 Gaude,
413 692 495 732 quod
513 693 560 724 sic
576 702 608 724 es
625 694 816 724 monstratus

272 739 358 771 Tuae
382 740 476 771 matri
499 740 637 771 nondum
661 742 753 771 natus

322 786 432 817 Noctis
456 796 514 825 per
538 786 729 818 umbracula.

215 891 245 921 2.
272 888 392 928 Gaude,
412 889 495 928 quod
507 888 540 919 in
554 888 670 921 mundo
684 896 814 928 nequam

275 935 392 967 Cuncta
412 935 527 975 linquis
580 961 586 970 ,
637 961 643 970 ,

317 982 457 1014 Petendo
483 982 674 1024 coenobium,

273 1027 395 1070 Gaude,
420 1028 504 1068 quod
528 1028 650 1060 hostem
673 1028 799 1069 fugasti,

275 1074 408 1114 Captum
433 1084 554 1115 quoque
579 1075 798 1108 consummasti

312 1121 434 1153 Mariae
458 1122 631 1154 conubium.

874 555 904 587 3.
932 552 1052 592 Gaude,
1079 553 1153 592 quia
1176 551 1388 593 compressisti

943 601 1085 639 Carnem,
1120 607 1283 640 quaerens,
1315 608 1396 638 quae
1419 602 1494 630 sunt

1268 645 1397 686 Christi,

989 694 1065 726 Cum
1090 696 1156 726 toto
1182 692 1354 731 conamine,

942 740 1062 780 Gaude,
1094 740 1178 780 quod
1202 740 1236 771 in
1259 740 1445 781 praelatura

942 787 1046 819 Fuisti
1069 787 1156 818 vitae
1177 785 1280 826 figura

989 833 1156 865 Fratribus
1183 833 1319 865 Siciliae.

883 891 914 922 4.
942 889 1060 932 Gaude,
1088 887 1292 929 praefulgens
1316 889 1452 921 Alberte

942 936 1045 975 Miris,
1073 937 1146 975 quia
1170 935 1313 968 Christus
1337 945 1396 977 per
1421 940 1451 967 te

988 983 1049 1015 Est
1073 983 1209 1014 clemens
1235 982 1433 1023 petentibus3

943 1030 1059 1061 Potens
1084 1033 1175 1070 pater
1201 1030 1241 1061 de
1267 1029 1424 1070 Carmelo,

942 1074 1019 1116 Fac,
1046 1079 1082 1107 ut
1106 1085 1258 1116 aggreger
1281 1076 1313 1108 in
1341 1077 1427 1109 caelo

990 1122 1114 1154 Mariae
1142 1123 1319 1156 clientibus

274 1185 353 1213 Orat.
385 1193 436 1212 ms.
463 1185 650 1214 'trudonense
681 1195 755 1214 saec.
787 1185 831 1214 16.
858 1188 898 1214 in.
946 1187 1015 1214 God.
1041 1186 1178 1215 Leodien.
1209 1185 1273 1215 395.
1299 1202 1336 1206 —
1362 1186 1389 1221 5,
1419 1185 1433 1215 1
1459 1188 1491 1214 in

197 1221 276 1250 fehlt.
299 1236 335 1240 —

632 1304 692 1335 172.
722 1305 764 1336 De
782 1307 888 1337 saneto
909 1306 1051 1337 Amanus.

214 1374 242 1405 1.
272 1374 392 1412 Gaude,
417 1376 589 1405 iuventutis
614 1375 691 1405 flore

270 1420 328 1459 Qui
352 1418 488 1460 flagrans
515 1420 633 1452 Christi
657 1430 774 1458 amore,

317 1466 470 1506 Amande,
498 1466 664 1505 clarueraS,

271 1512 391 1552 Gaude,
418 1514 574 1552 serpentis
600 1513 639 1545 ab
664 1522 719 1545 ore

270 1558 394 1598 Salvus,
418 1561 503 1599 quod
527 1561 629 1591 crucis
651 1562 775 1593 terrore

317 1606 409 1637 Hunc
432 1607 510 1638 mire
534 1605 710 1646 fugaveraS.

885 1377 915 1408 2.
944 1375 1063 1418 Gaude,
1091 1376 1174 1415 quod
1199 1384 1324 1416 semper
1348 1376 1492 1408 mansisti

944 1423 1040 1463 Virgo
1069 1426 1102 1453 et
1125 1423 1307 1455 abstinuisti

989 1468 1105 1500 Tribus
1134 1469 1243 1500 lustris
1267 1469 1393 1509 iugiter,

942 1515 1063 1555 Gaude,
1094 1515 1178 1555 quod
1202 1516 1300 1547 vitam
1326 1515 1443 1548 dedisti

939 1562 1078 1600 Mortuo,
1103 1572 1162 1603 pro
1187 1571 1248 1602 quo
1273 1563 1384 1604 petisti

989 1609 1157 1641 Dominum
1183 1610 1355 1641 humiliter.

550 1665 580 1695 3.
609 1663 727 1704 Gaude,
756 1664 828 1697 dum
852 1668 887 1697 tu
911 1668 1053 1697 sanetum
1076 1664 1189 1698 flamen

605 1710 770 1752 Invocans,
796 1712 879 1750 quod
906 1712 985 1743 dixit
1010 1714 1111 1744 Amen

652 1756 772 1797 Infans,
800 1766 868 1790 cum
892 1760 1077 1802 renascitur,

604 1803 725 1844 Gaude,
749 1806 783 1837 in
807 1814 902 1845 regno
928 1807 1094 1847 caelorum,

606 1850 702 1883 Sacer
725 1853 863 1894 praesul,
890 1854 1075 1893 angelorum

650 1898 792 1938 Iungeris
818 1900 984 1934 consortio.

273 1960 353 1988 Orats
379 1969 432 1988 ms.
450 1960 639 1990 deonense
667 1971 742 1990 saee.
766 1961 811 1990 16.
829 1966 869 1991 in.
908 1964 978 1992 eod.
999 1965 1140 1993 Leodien.
1159 1962 1225 1993 395.
1245 1982 1282 1986 —
1301 1963 1329 1999 3,
1351 1964 1366 1992 1
1386 1967 1492 1994 flamen

198 2000 337 2025 sanctum.
359 2012 395 2017 -
414 1996 440 2031 3,
460 1997 480 2026 4
499 1998 600 2027 Gaude
620 2000 697 2036 quod
716 2002 755 2028 iu.

621 2081 679 2113 173.
711 2082 754 2114 De
772 2084 878 2115 saneto
897 2083 1067 2116 Ambrosio.

212 2152 241 2182 1.
269 2148 389 2188 Gaude,
415 2157 505 2181 sacer
517 2146 566 2193 [o]
592 2150 751 2192 Ambrosi,

271 2195 365 2227 Cuius
390 2204 493 2227 mores
516 2196 647 2229 virtuosi

316 2242 517 2275 Perlustrant
547 2243 720 2284 ecclesiam,

271 2289 391 2328 Gaude,
417 2297 476 2328 per
500 2292 533 2321 te
557 2289 666 2322 furiosi

269 2337 406 2377 Fugiunt
429 2336 535 2368 hostes
561 2337 703 2370 damnosi

317 2384 363 2417 Ob
389 2387 473 2415 tuam
498 2385 719 2426 praesentiam.

886 2155 917 2186 2.
943 2153 1054 2186 Gaude
1077 2156 1110 2185 te
1130 2153 1172 2186 ad
1197 2153 1412 2193 praesulatum

943 2200 1038 2232 Pueri
1066 2209 1145 2232 voce
1168 2204 1311 2233 vocatum

990 2247 1120 2286 Populis
1142 2248 1352 2288 stupentibus,

941 2292 1052 2325 Gaude
1075 2293 1151 2326 fidei
1176 2294 1215 2326 ob
1240 2298 1358 2327 statum

941 2341 972 2371 A
995 2341 1118 2373 Iustina
1140 2345 1174 2374 te
1197 2346 1344 2375 vexatum

991 2387 1086 2421 Malis
1111 2390 1358 2431 resurgentibus
