1655 2573
721 153 977 188 *230—

217 256 294 288 330.
307 254 462 288 Iustitiam
488 254 534 285 sic
560 249 760 292 depravando

301 302 348 334 Et
372 301 532 340 litigantes
557 296 759 339 adgravando

351 348 494 387 Iniquam
518 354 576 386 per
600 343 797 384 sententiam,

305 394 466 427 Sententia
489 394 516 425 si
543 392 708 432 diceretur,

302 441 391 481 Quod
407 440 469 472 dici
481 443 585 472 tamen
599 446 659 469 non
673 437 822 475 meretur,

351 487 396 518 Ob
423 486 499 518 iuris
525 483 749 521 obsistentiam,

216 572 293 605 331.
309 570 384 603 Cum
409 571 475 602 lata
499 570 541 600 sit
566 568 605 600 de
629 576 689 600 non
714 565 822 606 petitis

304 618 365 649 Seu
388 617 419 648 in
446 615 552 647 libello
578 614 745 654 requisitis,

353 662 560 701 Quamobrem
585 660 789 701 apostolicam

305 710 356 741 Ad
374 711 480 741 sedem
493 716 613 740 sacram
627 707 822 746 appellamus

302 756 347 788 Et
374 754 581 797 supplicando
605 754 799 794 postulamus

351 802 542 834 Sententiam
568 800 751 832 catholicam

218 879 296 911 332.
309 877 442 918 Benigni
467 876 583 908 domini
606 874 762 915 IohanniS,

304 924 462 955 Resistere
487 922 539 962 qui
563 922 624 952 scit
647 920 798 960 tyrannis,

352 969 487 1001 Secundi
510 971 585 1008 post
608 968 798 1006 vicesimum,

303 1016 448 1048 Salvator
472 1016 521 1046 r·ui
545 1023 611 1045 cum
639 1017 768 1045 centeno

304 1063 367 1094 Ter
403 1063 588 1094 cumulatum
611 1060 718 1092 fructu
743 1060 823 1091 deno

354 1108 418 1140 Det
433 1107 569 1140 fructum
586 1108 822 1146 sexagesimum.

214 1183 291 1216 333.
307 1183 351 1216 Ut
375 1192 414 1214 ne
437 1183 614 1222 linquamur
637 1181 669 1213 in
688 1189 794 1213 errore

307 1230 351 1262 Et
374 1228 430 1261 fiat
453 1238 541 1261 error
565 1229 617 1260 hic
639 1228 746 1267 priore

352 1275 503 1307 Nocivior
526 1276 722 1314 novissimus,

308 1323 467 1354 Decernat
489 1323 560 1362 pius
585 1322 702 1360 absque
725 1329 823 1361 mora,

306 1370 369 1401 Pro
391 1370 462 1400 iure
486 1377 565 1408 quae
588 1368 654 1399 sint
676 1369 812 1410 saniora,

354 1415 397 1447 Ut
421 1415 569 1455 princeps
591 1414 823 1455 disertissimus,

224 1490 351 1522 334.1n
377 1490 462 1521 cuius
486 1489 622 1528 pectoris
649 1488 792 1520 clausura

309 1536 479 1575 Quieseunt
501 1536 586 1575 leges
611 1538 704 1574 atque
727 1536 805 1572 iura,

357 1582 432 1614 Cum
457 1582 546 1613 novis
570 1582 689 1621 scripta
710 1583 825 1618 vetera,

309 1629 449 1661 Obscura
471 1637 529 1667 per
550 1636 629 1667 quae
645 1627 825 1659 discernun-

604 1678 667 1713 tur,

310 1722 353 1753 Et
377 1722 535 1761 litigantes
560 1723 774 1759 secernuntur,

354 1768 398 1799 Et
419 1768 503 1800 bona,
523 1767 604 1799 fiunt
627 1770 741 1801 cetera.

881 247 960 280 335.
974 245 1016 276 Et
1041 242 1186 282 quoniam
1211 242 1261 272 est
1281 237 1476 280 appellatum

973 291 1018 323 Et
1040 291 1224 321 reverenter
1247 285 1470 327 supplicatum,

1020 336 1178 369 Decenter
1203 337 1235 366 et
1260 332 1432 374 composite

972 385 1023 416 Ex
1048 392 1145 423 supra
1169 381 1270 413 causis
1296 378 1450 412 enarratis

975 434 1002 463 A
1028 430 1171 472 partibus
1196 429 1243 460 sic
1267 425 1449 467 adgravatis

1021 478 1178 510 Recenter
1202 473 1410 514 interpositae

878 545 958 578 336.
971 542 1011 575 In
1034 542 1163 582 scriptis
1187 538 1406 581 appellationi,

973 591 1116 623 Devotae
1138 586 1363 628 supplicationi

1019 637 1187 669 Adharens
1205 643 1297 675 quam
1313 631 1475 665 humiliter

974 684 1154 716 Scholaster
1190 682 1315 714 Franco
1352 678 1497 711 Mesobe-

1274 727 1391 766 densis,

972 777 1134 809 Dioecesis
1161 775 1366 813 Coloniensis,

1021 824 1062 856 Se
1086 822 1203 854 subicit
1226 821 1352 861 agiliter

883 890 960 923 337.
974 889 1164 921 Tutissimae
1188 886 1390 927 protectioni,

972 936 1160 968 Praecelsae
1186 933 1390 966 dominationi

1020 981 1181 1022 Magnifici
1207 979 1375 1022 pontificiS,

973 1027 1114 1061 Praefati
1141 1027 1259 1060 domini
1286 1026 1447 1066 Iohannis,

973 1075 1122 1108 Tenentis
1146 1075 1250 1107 claves
1267 1074 1324 1105 sub
1341 1073 1392 1105 liis
1409 1072 1499 1104 annis

1021 1122 1215 1162 Magnalium
1241 1119 1374 1161 opificis,

883 1190 960 1222 333.
975 1189 1143 1227 Postquam
1170 1187 1299 1218 verbum
1326 1187 1374 1217 est
1395 1186 1498 1218 incar-

1273 1236 1391 1274 natum,

976 1281 1115 1313 Salutem
1142 1280 1224 1321 quod
1251 1282 1299 1310 est
1323 1282 1498 1320 operatum,

1020 1329 1165 1361 Decurso
1190 1336 1260 1359 cum
1285 1326 1452 1358 millesimo

976 1374 1129 1407 Eiusdem
1152 1382 1234 1405 anno
1258 1375 1452 1414 trecenteno,

976 1421 1069 1453 Nunc
1082 1421 1160 1452 caeli
1173 1423 1278 1453 terrae
1286 1421 1400 1451 molem
1409 1419 1499 1451 freno

1022 1468 1183 1507 Regentis,
1208 1467 1243 1498 in
1266 1466 1436 1509 tricesimo,

885 1535 963 1567 339.
978 1534 1116 1565 Octavae
1140 1532 1229 1564 Petri
1253 1532 1423 1572 piscatoris

976 1579 1021 1611 Et
1039 1579 1134 1611 Pauli
1157 1580 1293 1618 gentium
1321 1579 1459 1610 doctoris

1024 1626 1108 1658 Dum
1133 1628 1219 1657 stant
1242 1626 1273 1657 in
1299 1625 1478 1664 mediculio,

979 1673 1018 1705 In
1040 1681 1159 1715 mense,
1185 1673 1236 1703 cui
1259 1672 1348 1711 prius
1372 1680 1464 1703 omen

979 1719 1124 1759 Quintilis
1139 1722 1216 1759 erat,
1232 1718 1289 1750 sed
1298 1727 1381 1751 nunc
1389 1727 1501 1750 nomeu

1025 1767 1160 1799 Romani
1185 1766 1262 1798 dant
1285 1775 1306 1797 a
1330 1765 1423 1799 Iulio.

292 1841 359 1869 Cod.
379 1842 626 1869 Patherbrunnen.
640 1841 758 1876 (Verein
772 1841 790 1868 f.
805 1841 908 1869 Geseh.
922 1850 951 1869 u.
965 1838 1235 1874 Altermmskunde)
1257 1837 1301 1867 17.
1322 1847 1396 1867 saec.
1412 1838 1455 1867 15.
1467 1853 1506 1858 -

219 1878 245 1913 3,
266 1877 293 1905 6.
314 1879 487 1915 poblieibus.
507 1895 545 1899 —
563 1876 589 1910 9,
612 1877 633 1906 4
652 1879 757 1913 altera3
778 1879 840 1907 dies
852 1879 939 1906 Wort
956 1879 997 1905 ist
1013 1880 1056 1906 im
1074 1886 1187 1913 ganzen
1199 1876 1340 1905 Gedielite
1360 1878 1416 1904 mit
1433 1879 1506 1904 zwei

216 1917 401 1944 Ausnahmen
410 1915 465 1949 (57,
474 1915 488 1943 1
499 1916 559 1944 untl
570 1914 631 1949 140,
643 1914 669 1950 1)
682 1919 752 1944 stets
765 1917 927 1953 zweisilbig
940 1924 1096 1952 gemessen,
1111 1915 1239 1943 weshalb
1254 1917 1325 1942 stets
1337 1916 1425 1942 alt’ra
1436 1917 1507 1942 statt

217 1955 266 1982 des
279 1953 553 1981 handsehriftlichen
567 1954 659 1992 altorf}
671 1956 782 1990 gesetzt
793 1954 899 1982 wurde.
928 1954 970 1981 Es
983 1956 1097 1989 geniige
1109 1953 1171 1981 dies
1182 1952 1290 1980 einmal
1300 1952 1364 1980 hier
1375 1952 1507 1980 bemerkt

217 2000 254 2019 zu
271 1991 375 2019 haben.
396 2006 432 2010 —-
453 1989 497 2025 10,
514 1991 534 2019 4
553 1999 596 2026 sq.
635 1992 715 2020 Uber
734 1992 890 2028 imbrigare
910 1991 969 2019 und
989 1991 1150 2026 disbrigare
1164 1991 1246 2018 siehe
1256 1990 1307 2018 Du
1322 1990 1421 2026 Gange
1440 1999 1463 2018 s.
1477 1999 1506 2016 v.

217 2030 310 2064 briga.
337 2042 374 2047 -—
399 2027 445 2062 48,
466 2028 482 2056 6
509 2029 684 2057 sollitudine.
711 2044 750 2048 —
774 2027 819 2060 21,
844 2029 858 2056 1
878 2030 988 2064 Atypas
1013 2030 1085 2065 post‘
1107 2028 1170 2056 hoc.
1191 2043 1229 2046 —
1249 2024 1294 2060 53,
1317 2027 1331 2055 1
1353 2030 1449 2056 certis.
1469 2042 1506 2046 —

218 2065 262 2099 55,
285 2064 301 2093 6
324 2066 361 2093 Se
386 2067 513 2101 meritis3
539 2066 596 2102 vgl.
623 2068 713 2094 unten
741 2065 803 2097 111,
825 2065 849 2095 6.
877 2081 916 2085 -
942 2065 985 2099 67,
1005 2066 1024 2093 4
1043 2067 1174 2094 Amictus
1201 2073 1290 2093 meus.
1310 2081 1348 2086 —-
1367 2064 1413 2100 70,
1434 2064 1451 2094 3
1470 2066 1507 2092 In

220 2103 392 2131 ereticando.
413 2118 450 2123 —
470 2102 514 2137 70,
532 2103 548 2131 6
564 2104 747 2132 Fabricitans
768 2104 924 2132 convaluit.
944 2118 980 2123 ——
1000 2101 1046 2137 81,
1061 2101 1079 2129 2
1099 2105 1144 2130 sit.
1165 2117 1201 2121 —
1225 2101 1287 2135 114,
1301 2102 1321 2131 4
1334 2107 1455 2140 spectat.
1470 2118 1507 2122 —

220 2138 281 2173 116⁷
300 2139 320 2168 4
338 2140 421 2168 Lies:
447 2141 522 2168 sicut
546 2143 615 2169 rea?
643 2155 678 2160 -—
709 2139 771 2174 120,
792 2140 809 2168 2
836 2142 943 2169 sordes.
969 2155 1005 2159 —-
1027 2139 1089 2172 121,
1110 2138 1128 2168 3
1147 2141 1320 2177 praeferant.
1345 2155 1380 2160 --
1403 2139 1465 2176 130,
1489 2139 1507 2168 2

218 2179 327 2205 Amori.
353 2192 389 2196 —
417 2176 481 2213 143,
501 2177 517 2205 1
543 2179 657 2206 tinniet.
685 2194 722 2198 —
748 2177 811 2213 144,
832 2178 848 2206 6
872 2179 895 2205 11
957 2187 975 2205 a
1003 2178 1169 2214 dreisilbig3
1195 2178 1264 2206 oder
1290 2179 1450 2215 linguaque
1468 2188 1508 2206 zu.

219 2216 307 2243 lesen.
343 2230 373 2235 —
407 2212 468 2248 163,
497 2214 513 2242 6
540 2215 616 2243 Sunt
643 2224 753 2244 senum.
783 2231 820 2236 —
851 2214 913 2249 172,
939 2214 956 2243 6
981 2217 1032 2243 Fit
1058 2217 1123 2244 iste.
1153 2230 1190 2235 -—
1216 2214 1278 2250 177,
1308 2215 1323 2243 1
1354 2225 1436 2244 amor
1463 2217 1506 2245 tui

219 2252 322 2280 cordis.
348 2266 386 2270 —
412 2250 474 2287 196,
495 2251 512 2278 2
537 2251 569 2280 Si
593 2254 664 2280 foris
692 2254 806 2289 dignus.
827 2267 862 2272 —
883 2251 947 2288 210,
970 2251 987 2279 2
1007 2254 1075 2281 dum
1094 2253 1217 2281 vitabat.
1237 2268 1276 2272 —-
1294 2252 1359 2286 210,
1383 2252 1403 2280 4
1421 2255 1506 2283 Lies:

220 2289 277 2318 Sed
296 2298 380 2317 carus
398 2291 499 2317 meus?
521 2305 557 2310 —-
574 2288 639 2325 213,
653 2288 670 2317 5
686 2291 799 2318 Eodem
817 2291 903 2319 modo
921 2291 1077 2319 laborant-i.
1097 2304 1134 2308 —
1153 2288 1218 2325 215,
1234 2289 1251 2318 5
1267 2292 1332 2325 Quo
1353 2292 1456 2320 maior.
1471 2307 1508 2312 —

219 2325 282 2372 224,
303 2325 320 2355 3
340 2327 521 2362 Presbytero.
544 2341 581 2346 --
601 2326 665 2363 228,
685 2325 703 2355 3
721 2330 863 2356 Testetur.
884 2343 920 2347 —
940 2326 1004 2363 228,
1025 2327 1042 2356 5
1062 2328 1224 2364 prohibere.
1246 2344 1283 2349 —-
1304 2327 1368 2364 230,
1392 2327 1406 2356 1
1428 2330 1508 2366 quod

219 2367 266 2393 slt.
292 2380 330 2384 —
356 2362 418 2400 232,
440 2363 458 2392 2
477 2366 556 2393 Hinc
575 2373 659 2402 papa.
686 2382 723 2386 -
749 2363 812 2399 235,
832 2364 850 2393 2
873 2366 1035 2402 prohibere.
1055 2381 1093 2386 -—
1112 2364 1175 2399 240,
1197 2364 1215 2394 3
1235 2367 1322 2395 laude
1340 2367 1451 2396 cedula.
1472 2382 1507 2387 —

219 2401 283 2437 241,
303 2402 323 2430 4
340 2403 407 2431 Non
427 2405 585 2431 contentur.
609 2419 645 2424 —
667 2401 731 2438 246,
753 2402 767 2432 1
789 2406 818 2431 et
836 2404 922 2439 fehlt3
942 2405 1130 2433 Moramanis.
1153 2419 1187 2424 ³-
1208 2403 1273 2440 273,
1294 2403 1310 2433 6
1330 2406 1387 2434 Est
1405 2411 1509 2435 nactus
