1655 2573
700 103 956 139 -106—

193 203 225 236 3.
255 201 377 244 Gaude,
401 202 526 237 Christo
552 202 645 234 valde
669 202 769 240 grate,
872 199 903 229 4.
931 195 1051 233 Gaude,
1077 203 1149 233 spes
1175 193 1421 234 peregrinorum,

253 249 316 282 Sub
343 249 472 282 Herode
498 249 651 280 decollate
930 241 1014 273 Vera
1037 241 1122 272 salus
1147 241 1311 282 viatorum,

301 296 394 328 Fidei
419 296 599 334 certamine,
977 287 1052 319 Dux
1076 287 1303 326 itinerantium,

252 343 364 375 Gaude
387 345 475 373 tuum
498 341 573 372 hinc
601 341 787 371 translatum
929 335 1051 372 Honor,
1079 333 1174 365 decus
1198 333 1423 373 Hispanorum,

253 389 373 427 Corpus
397 393 472 427 post
495 389 528 417 et
550 386 737 417 honoratum
930 379 1098 412 Liberator
1122 383 1154 411 et
1178 383 1360 411 cunctorum

297 433 399 473 Signis
424 433 456 464 in
482 431 680 471 Hispaniam.
974 426 1047 457 Tibi
1079 425 1308 458 famulantium.

572 489 604 520 5.
628 486 687 525 Qui
712 488 785 525 post
809 487 841 515 te
864 483 1112 524 peregrinamur,

631 533 707 575 Fac,
733 535 767 563 ut
792 533 895 563 tecum
919 528 1123 569 perfruamur

676 579 772 611 Lucis
795 577 1005 619 plenitudine.

178 704 199 730 Z
216 703 235 730 b
254 664 333 728 grat.
358 672 411 691 ms,
437 662 625 691 deonense
651 671 726 690 saec.
750 660 792 689 16.
819 663 858 689 in.
900 660 969 689 Ood.
995 660 1133 688 Leodien.
1161 657 1226 687 395.
1252 674 1290 681 --
1317 658 1340 694 1,
1367 658 1387 687 4
1410 659 1481 687 felix

202 711 216 729 e
239 712 253 730 e
274 711 309 729 ei.

607 819 675 851 206.
705 819 747 850 De
767 827 807 850 ss,
826 818 1054 850 innocentibus.

191 902 222 935 1.
251 900 371 943 Gaude,
396 899 491 932 turba
513 900 724 937 innocentum,
870 899 899 930 2.
929 897 1050 936 Gaude,
1076 897 1171 929 turba
1193 897 1368 939 virginalis,

252 948 341 986 Quod
365 947 482 980 injuste
504 945 569 978 fers
592 948 782 978 tormentum
926 944 1079 977 Liberata
1103 944 1223 976 cunctis
1248 944 1351 987 malis,

295 994 359 1027 Sub
384 994 516 1026 Herode
537 993 645 1034 impio,
973 991 1065 1031 Quod
1090 992 1186 1023 caelis
1209 991 1379 1032 tripudias,

250 1041 372 1082 Gaude,
394 1041 481 1072 necis
505 1043 726 1072 nocumentum
929 1038 1049 1077 Gaude,
1077 1038 1151 1079 quia
1172 1038 1354 1071 vindicatur

251 1088 340 1126 Quod
364 1087 424 1120 tibi
449 1088 533 1120 vitae
557 1089 755 1127 augmentum
928 1086 996 1118 Tua
1020 1095 1104 1117 mors
1131 1089 1162 1117 et
1187 1085 1415 1118 condemnatur

296 1135 363 1166 Dat
388 1134 466 1166 caeli
491 1134 621 1174 palatio.
976 1132 1121 1165 Herodes
1145 1142 1205 1172 pro
1231 1133 1361 1165 scelere.

589 1191 618 1223 3.
647 1190 769 1230 Gaude,
797 1190 882 1221 caelo
907 1198 1021 1229 agnum
1043 1189 1105 1221 Dei

643 1236 794 1278 Sequens,
822 1237 909 1268 euius
934 1235 1028 1268 faciei

690 1283 809 1315 Lucem
834 1284 936 1315 cernis
961 1284 1087 1323 iugiter,

643 1330 724 1362 Dele
750 1331 858 1370 culpas
882 1330 974 1361 huius
998 1331 1055 1370 rei,

642 1377 689 1409 Ut.
711 1380 889 1409 sanctorum
915 1377 995 1409 aciei

693 1423 872 1463 Coniungar
902 1423 1048 1457 feliciter.

256 1508 427 1535 Orationale
445 1516 498 1535 ms.
521 1507 711 1535 &trudonense
730 1515 805 1534 saec.
819 1504 862 1533 16.
883 1508 922 1534 in.
952 1506 1020 1535 eod.
1036 1508 1174 1535 Leodien.
1188 1505 1253 1536 395.
1270 1522 1307 1528 --
1323 1507 1347 1543 l,
1364 1507 1381 1535 5
1395 1518 1480 1544 argu-

182 1548 318 1574 mentum.
341 1561 377 1564 —
399 1544 425 1580 1,
447 1542 463 1572 6
482 1545 544 1573 Dat
562 1546 594 1572 in
615 1545 697 1572 caeli.

574 1683 640 1713 207.
668 1683 712 1713 De
731 1691 755 1714 s.
776 1683 911 1715 Iohanne
930 1683 1082 1724 Baptista.

194 1754 225 1786 1.
251 1752 362 1784 Gaude
385 1755 418 1783 te
441 1753 622 1792 priusquam
648 1756 755 1785 natum
870 1756 900 1787 2.
929 1753 1050 1797 Gaude,
1077 1754 1150 1794 quia
1176 1755 1356 1797 baptizatur

251 1799 364 1832 Fuisse
388 1800 652 1842 praenuntiatum,
927 1801 958 1833 A
982 1805 1014 1833 te
1040 1802 1184 1835 Christus
1211 1808 1243 1836 et
1266 1806 1460 1835 monstratur

295 1846 461 1889 Iohannes,
490 1845 650 1884 divinitus,
972 1849 1175 1881 Emundator
1199 1851 1373 1891 criminum,

252 1892 372 1936 Gaude,
399 1893 483 1932 quod
506 1896 542 1924 tu
566 1894 664 1926 maior
692 1897 798 1925 vatum
928 1895 1050 1938 Gaude,
1078 1896 1163 1935 quod
1188 1896 1229 1928 de
1251 1899 1285 1928 te
1305 1899 1450 1939 testatur,

251 1939 312 1971 Dei
336 1940 436 1980 patris
462 1940 559 1972 sentis
584 1944 690 1972 natum
926 1942 1016 1982 Quod
1040 1951 1102 1974 non
1127 1944 1227 1976 maior
1251 1944 1372 1975 oriatur

299 1986 413 2018 Matris
439 1987 509 2018 alvo
535 1988 666 2026 positus.
975 1989 1062 2021 Inter
1086 1992 1177 2021 natos
1201 1990 1371 2024 hominum.

576 2045 605 2076 3.
635 2042 755 2084 Gaude,
781 2048 904 2084 martyr
927 2047 959 2076 et
981 2046 1111 2077 lucerna

632 2090 758 2130 Mundi,
785 2100 919 2131 regnans
943 2091 975 2122 in
1005 2100 1143 2131 superna

680 2137 867 2168 Iucundaris
894 2137 991 2175 curia,

633 2181 709 2224 Fac,
735 2186 771 2213 ut
795 2184 880 2214 vivat
904 2185 975 2214 tuus
1002 2192 1099 2216 verna

636 2228 699 2269 Sic,
724 2231 760 2259 ut
782 2229 850 2260 illic
874 2229 1066 2269 sempiterna

682 2274 868 2307 Perfruatur
890 2276 999 2315 gloria.

256 2360 335 2388 Orat.
358 2367 409 2386 ms.
430 2357 608 2393 Tegurinum
628 2367 703 2385 saec.
727 2356 770 2385 15.
811 2358 883 2386 Olm.
906 2359 1059 2387 Monacen.
1079 2358 1186 2390 20001.
