1655 2573
597 602 659 633 144.
690 602 732 633 De
754 603 859 632 sancto
880 601 1018 641 Aegidio.

175 692 205 723 1.
234 689 352 724 Christi
375 690 466 723 miles
493 693 525 722 et
549 690 708 723 confessor

277 736 404 770 Meritis
430 737 613 776 clarissime,

232 783 282 817 Sis
306 793 366 824 pro
390 784 482 817 nobis
504 785 706 820 intercessor,

279 832 396 872 Aegidi
419 832 626 871 sanctissime,

232 878 282 911 Sis
306 878 484 919 languentis
509 879 594 910 salus
618 878 732 911 mentis

275 926 317 958 Et
346 925 494 958 defensor
518 926 649 958 animae.

175 987 204 1012 ⁶.
233 981 284 1014 Ab
310 984 438 1013 aeterno
462 982 659 1021 praeelectus

281 1030 318 1061 In
344 1029 474 1061 salutem
500 1028 618 1071 populi,

232 1076 347 1109 casum
372 1084 508 1115 pensans
535 1079 564 1108 et
591 1074 733 1107 defectus

279 1122 382 1155 Huius
410 1122 584 1155 habitacuii

233 1169 342 1201 Mores
364 1171 465 1201 mutes
489 1172 521 1201 et
546 1169 676 1201 affectus

281 1217 320 1249 In
344 1218 517 1257 conspectu
539 1215 666 1249 saeculi.

201 1298 207 1307 ,
237 1274 297 1305 Pei·
319 1275 360 1316 te,
387 1275 505 1311 sancte,
531 1273 586 1312 qui
609 1271 767 1312 perfectus

278 1320 394 1351 Vixisti
422 1329 482 1358 per
505 1320 618 1359 omnia,

233 1367 292 1398 Via
318 1367 409 1398 detur
434 1369 466 1398 et
487 1368 656 1406 provectus

276 1414 314 1446 In
339 1414 490 1446 virtutum
514 1413 625 1457 gratia,

228 1460 278 1492 Ne
303 1469 365 1501 qua
389 1460 490 1493 nostri
513 1467 570 1492 nos
597 1458 738 1491 defectus

276 1507 419 1540 Addicat
442 1507 608 1539 sententia.

169 1567 200 1597 4.
228 1564 258 1596 A
283 1564 446 1604 primaevo
471 1564 574 1596 carnis
597 1562 677 1596 flore

274 1611 391 1644 Mundi
415 1610 527 1644 florem
552 1611 682 1653 deseris,

228 1659 338 1698 Pugna
362 1667 444 1699 puer
468 1658 606 1700 gratiore

278 1706 389 1739 Carnis
413 1709 516 1739 motus
541 1706 663 1744 atteris,

225 1753 308 1785 Nisu
333 1754 448 1785 mentis
473 1756 506 1785 et
529 1762 637 1787 amore

278 1800 340 1833 Cor
361 1800 481 1834 habens
506 1801 538 1833 in
563 1800 696 1841 superis.

171 1858 201 1889 5.
228 1857 440 1889 Terrenorum
466 1858 508 1889 da
528 1859 749 1897 contemptum,

278 1904 371 1945 Spem
398 1904 559 1944 inspirans
582 1904 750 1947 mentibus,

230 1951 277 1984 Ut
299 1952 436 1984 terrenis
462 1961 517 1984 cor
541 1953 684 1992 ereptum

276 1999 369 2032 Cutis
394 2002 427 2031 et
448 1999 621 2037 affectibus,

228 2048 259 2079 A
284 2055 345 2087 quo
371 2047 475 2081 credit
497 2056 532 2079 se
554 2046 765 2086 redemptum,

273 2093 448 2135 Sequamur
472 2098 503 2127 et
526 2094 676 2127 nion'bus.

166 2152 197 2183 6.
227 2151 273 2183 Te
297 2152 423 2186 vocavit
447 2156 480 2185 et
503 2151 642 2184 sacravit

270 2198 423 2234 Dominus
448 2199 487 2232 ab
513 2202 614 2243 utero,

222 2246 322 2279 Immo
347 2249 445 2279 totum
470 2247 652 2280 vendicavit

272 2293 395 2330 Caritas
421 2296 454 2327 in
478 2304 589 2336 puem,

225 2343 316 2381 ¹«guod
339 2342 373 2375 in
397 2352 491 2384 aegro
518 2342 750 2376 demonstravit

269 2389 375 2423 Vestis
400 2390 478 2426 data
499 2390 626 2426 misero.

873 690 904 722 7.

873 1273 905 1304 9.

849 1563 904 1595 10.

850 1857 903 1890 11.

849 2153 901 2185 12.

930 689 999 721 Tua
1022 689 1114 722 nobis
1138 699 1234 729 prece
1256 690 1357 725 detur,

976 735 1122 768 Summae
1146 737 1196 769 vir
1221 736 1416 775 clementiae,

929 783 976 816 Ut
999 783 1038 815 ab
1063 783 1149 816 omni
1173 792 1261 816 mens
1287 787 1440 823 purgetur

976 830 1091 863 Mundi
1113 831 1197 863 mala
1220 830 1338 872 specie,

930 878 974 909 Et
996 878 1031 909 in
1055 878 1154 917 lapsis
1179 877 1370 909 reformetur

978 924 1082 956 Vestis
1106 925 1314 957 innocentiae.

897 1005 903 1011 .
931 980 980 1012 De
1004 981 1121 1013 virtute
1145 981 1178 1013 in
1203 981 1351 1013 virtutem

977 1028 1155 1067 Disponens
1180 1029 1362 1064 ascendere2

930 1074 1064 1114 Dignam
1087 1074 1156 1106 Deo
1180 1075 1362 1108 servitutem

977 1120 1122 1154 Laetaris
1145 1122 1340 1163 impendere,

931 1169 1036 1209 Ipsam
1063 1168 1147 1201 vitae
1167 1170 1363 1201 iuventutem

979 1215 1206 1248 Commendans
1239 1226 1278 1248 ex
1302 1225 1407 1256 opere.

932 1270 980 1303 Ne
1005 1271 1137 1304 fallente
1160 1272 1329 1304 iuventutis

977 1318 1135 1350 Lubricae
1157 1319 1296 1351 ludibrio

931 1364 1100 1397 Deviemus
1126 1375 1145 1398 a
1169 1366 1279 1398 salutis

977 1412 1201 1454 Repromissae
1225 1413 1345 1453 bravio,

930 1458 1018 1491 Tuae
1042 1460 1133 1491 nobis
1159 1460 1223 1492 sint
1247 1460 1374 1492 virtutis

976 1506 1135 1547 Exempla
1157 1507 1330 1548 praesidio.

929 1562 977 1594 'I'e
999 1571 1152 1603 percussa
1177 1573 1196 1595 a
1220 1566 1363 1603 serpent(

975 1610 1067 1642 Pium
1092 1611 1193 1642 sensit
1214 1611 1382 1651 medicum,

929 1657 1107 1690 Sentiamus
1133 1660 1165 1690 et
1189 1667 1245 1690 nos
1270 1662 1385 1699 mente,

977 1704 1027 1738 Ne
1051 1714 1109 1745 per
1135 1706 1238 1738 carnis
1263 1706 1420 1738 lubricum

930 1753 1111 1793 Voluptatis
1137 1752 1314 1786 virulentae

976 1800 1140 1833 Prodeant
1163 1800 1197 1832 in
1222 1800 1394 1840 publicum.

931 1857 980 1890 Nc
1006 1858 1155 1889 virtutem
1179 1857 1360 1890 venditares

975 1905 1057 1938 Vilis
1082 1904 1187 1938 famae
1209 1905 1324 1949 pretio,

929 1952 1060 1985 Famam
1085 1952 1178 1994 fugis,
1204 1955 1242 1984 nt
1266 1952 1420 1993 declares,

977 2000 1064 2038 Quae
1087 1999 1202 2032 mentis
1228 2000 1364 2040 devotio,

931 2050 1017 2086 Quae
1040 2047 1085 2079 sit
1108 2047 1191 2079 inter
1216 2048 1371 2081 salutares

977 2095 1090 2134 Open's
1114 2094 1257 2127 intentio.

928 2152 1031 2192 Caput
1054 2152 1164 2185 nolens
1188 2152 1380 2192 impinguari

978 2199 1159 2232 Peccatoris
1185 2200 1264 2240 oleo,

929 2247 958 2279 A
985 2246 1095 2281 favore
1120 2247 1277 2279 saeculari

975 2294 1050 2327 Sive
1073 2295 1166 2327 luxus
1192 2295 1303 2335 laqueo

929 2342 1014 2374 Loco
1039 2342 1158 2383 gaudes
1184 2342 1325 2382 etongari

978 2388 1109 2429 Situque
1133 2397 1296 2429 corporeo.
