1655 2573
168 226 224 258 25.

169 547 224 579 26.

170 866 225 898 27.

169 1222 224 1254 28.

165 1580 220 1613 29.

164 1940 219 1972 30.

162 2303 217 2336 31.

679 132 931 169 -207-

252 226 293 258 Se
309 224 405 259 fetam
420 235 552 261 noscens
564 237 626 260 non
640 227 775 261 fecunda

252 273 422 315 Stupescit‚
448 278 548 316 nutat,
576 277 754 308 verecunda

298 320 340 352 Se
356 321 437 353 celat
455 322 592 363 quinque
603 323 773 363 mensibus,

252 367 411 409 Concepto
435 371 508 408 post
533 370 593 401 hoc
617 370 775 402 salvatore

249 413 407 447 Naturam
432 419 541 448 contra
565 425 646 449 novo
671 425 759 448 more

295 461 452 494 Humanis
475 472 539 495 non
564 463 605 494 de
619 463 774 496 sensibus.

251 546 420 579 Festinans
443 548 532 588 virgo
558 550 663 579 mente
686 557 763 580 sana

249 593 388 626 Iudaeae
412 595 538 627 scandit
554 594 596 626 ad
614 597 773 634 montana,

297 639 463 673 Subintrat
485 641 569 673 senis
593 641 721 680 limina;

248 687 417 719 Elisabeth
442 687 585 728 agnoscit
608 697 696 726 anus,

248 734 347 773 Quem
361 734 469 767 divina
482 734 645 766 coniunxit
651 743 774 775 manus,

296 779 343 813 Ut
366 781 476 813 mundi
501 780 594 813 tollat
619 781 760 814 crimina.

251 866 282 897 A
306 867 408 896 matre
430 868 533 897 matre
557 866 692 898 salutata

250 912 400 944 Exsultat
425 913 531 952 proles
556 912 625 944 Deo
649 915 741 952 grata

297 958 361 990 Sub
386 959 470 990 uteri
496 959 685 997 carceribus,

248 1006 303 1038 Sic
337 1006 477 1037 nondum
511 1008 605 1038 natus
634 1006 775 1038 nondum

549 1054 657 1084 natum

248 1098 433 1140 Prophetat,
450 1102 539 1131 vates
552 1101 656 1130 vatem
668 1101 775 1131 vatum

295 1146 333 1177 In
359 1146 492 1186 virginis
517 1146 701 1180 visceribus,

250 1221 296 1253 Et
318 1223 427 1252 manet
451 1222 539 1262 virgo
565 1221 611 1252 sic
635 1223 748 1253 onusta

247 1269 287 1301 In
312 1267 404 1299 domo
429 1269 513 1300 senis
540 1277 610 1300 cum
633 1270 760 1302 vetusta

296 1314 357 1346 Per
390 1323 513 1347 menses
546 1317 653 1347 ternos
683 1315 772 1347 obse-

548 1370 658 1403 quens,

248 1409 409 1448 cognatae
433 1409 501 1441 seni
525 1409 710 1450 gravidatae

246 1456 418 1488 Iuvencula-
443 1456 637 1497 benignitate

293 1503 386 1534 Hanc
399 1503 558 1536 ethonore
567 1512 770 1543 prosequens.

246 1580 323 1611 Post
354 1578 414 1610 hoc
447 1578 522 1610 dum
554 1587 632 1610 anus
665 1581 773 1610 natum

549 1624 640 1668 fudit,

246 1672 405 1706 Sacerdos
429 1675 533 1705 mutus
559 1673 632 1704 stilo
658 1673 746 1705 cudit

294 1719 443 1751 Scribens
467 1719 723 1752 immutabiliter:

245 1767 401 1799 Iohannes
413 1767 474 1799 hoc
488 1770 536 1799 est
547 1766 638 1799 huius
647 1776 771 1809 nomen,

248 1815 278 1846 A
304 1812 457 1845 Gabriele
480 1815 570 1846 cuius
594 1822 686 1845 omen

294 1861 497 1893 Praedictum
528 1863 576 1893 est
601 1861 771 1896 humiliter.

246 1939 284 1970 In
309 1945 389 1969 voce
412 1941 505 1978 pater
529 1936 756 1978 praeadflictus

244 1985 442 2025 Prophetans
476 1993 602 2017 carmen
635 1985 770 2017 Bene-

548 2032 692 2065 dictus

290 2079 415 2112 Laxata
438 2090 515 2113 voce
540 2080 697 2120 praecinit

242 2129 287 2160 Et
310 2127 403 2159 huius
427 2128 461 2159 in
486 2127 654 2161 nativitate

243 2174 340 2209 Plebs
350 2175 451 2207 multa
459 2175 683 2218 gaudetlonge‚
695 2175 770 2218 late,

289 2222 335 2255 Ut
358 2224 597 2264 paranymphus
623 2223 748 2255 cecinit.

244 2302 289 2335 Et
312 2301 426 2333 merito
450 2300 543 2340 plebs
569 2300 749 2339 gratulatur

243 2349 288 2382 Et
313 2349 406 2381 dulce
430 2348 530 2380 melos
554 2347 737 2381 modulatur

288 2397 339 2429 De
363 2396 471 2436 gaudii
495 2394 639 2435 materia,

844 398 899 430 32.

845 801 901 833 33.

846 1157 900 1189 34.

843 1505 898 1536 35.

842 1808 897 1840 36.

844 2158 899 2191 37.

926 230 992 269 Quo
1018 235 1098 268 puer
1121 227 1182 259 iste
1205 227 1394 260 iucundatur

927 276 970 307 Et
993 284 1097 316 regem
1124 275 1204 306 caeli
1227 277 1437 314 praeconatur

973 322 1118 354 Matricis
1142 322 1176 353 in
1200 322 1347 356 maceria.

925 398 987 429 Hic
1019 397 1157 429 nondum
1188 398 1260 429 bina
1287 396 1446 436 complens

1224 445 1325 476 lustra

928 492 1123 524 collustrans
1158 492 1259 523 lustra
1293 491 1350 522 sed
1387 498 1449 521 non

1225 536 1345 569 frustra

974 584 1145 617 Lustrante
1171 584 1221 616 dei
1245 583 1321 624 filio,

926 632 971 665 Ut
984 640 1097 671 corpus
1106 633 1225 662 castum
1234 631 1313 662 vitet
1321 630 1446 671 fastum,

925 678 1093 711 Desertum
1102 679 1225 709 vastum
1233 678 1318 709 subit
1324 678 1448 717 pastum

974 724 1166 764 Conquirens
1191 725 1225 755 in
1251 725 1372 756 exsilio.

927 800 1068 833 Vestitus
1093 799 1166 830 huic
1190 808 1252 831 non
1276 797 1432 839 byssinus

926 847 990 880 Sed
1015 847 1098 886 pilus
1123 855 1217 886 asper
1242 846 1421 885 camenam,

974 893 1127 926 Goartans
1152 895 1238 925 artus
1263 893 1363 924 artius

924 940 1083 972 Lumbare
1108 940 1148 971 de
1171 940 1308 971 bidentis
1333 938 1428 979 pelle,

925 986 1063 1019 Locusta
1099 995 1168 1017 cum
1193 986 1332 1019 silvestri
1356 985 1450 1017 melle

971 1034 1058 1066 Fons
1093 1036 1220 1075 pastus,
1263 1033 1320 1064 sed
1358 1040 1450 1071 quam

1226 1080 1339 1112 arcius.

927 1156 990 1188 Hic
1012 1156 1093 1188 alter
1119 1154 1250 1186 Samson
1276 1154 1447 1193 Nazareus,

926 1204 1084 1235 Immundi
1110 1202 1172 1233 cibi
1188 1211 1347 1242 nunquam
1365 1209 1448 1241 reus,

972 1249 1041 1281 Nec
1065 1249 1166 1289 tangit
1184 1249 1267 1280 hunc
1283 1248 1447 1287 novacula,

926 1297 984 1329 Vir
1008 1300 1145 1335 sanctus,
1171 1299 1275 1327 rectus
1299 1304 1359 1327 nec
1377 1302 1447 1327 ver-

1226 1345 1323 1385 sutus,

925 1390 988 1422 Sed
1014 1390 1088 1422 fotis
1112 1390 1187 1429 pilis
1211 1388 1249 1421 fit
1270 1389 1419 1428 hirsutus,

971 1437 1029 1469 Vir
1046 1436 1168 1469 fraudis
1186 1445 1301 1475 expers
1314 1435 1446 1468 macula.

925 1504 988 1536 Sex
1012 1504 1115 1535 lustra
1139 1500 1207 1533 fere
1229 1502 1302 1534 dum
1319 1503 1393 1533 sunt
1409 1500 1447 1543 ei,

924 1550 981 1582 Fit
1004 1558 1100 1590 super
1119 1549 1225 1590 ipsum
1241 1549 1374 1581 verbum
1388 1547 1451 1579 Dei

971 1599 1010 1630 In
1034 1598 1104 1629 loco
1129 1596 1320 1639 solitudinis,

925 1646 972 1679 Ut
995 1643 1236 1683 retransmigret
1262 1644 1300 1675 de
1326 1643 1450 1675 deserto

924 1693 969 1724 Et
992 1691 1195 1732 praeconizet
1218 1690 1250 1722 in
1276 1693 1386 1730 aperto

972 1739 1171 1779 Baptismum
1196 1736 1422 1777 paenitudinis

925 1806 963 1838 In
978 1806 1094 1838 Ennon
1111 1804 1225 1836 multos
1243 1804 1295 1835 hic
1308 1802 1451 1843 baptizat

924 1853 969 1885 Et
984 1853 1111 1893 plebem
1129 1852 1260 1884 multam
1278 1850 1453 1882 catechizat

974 1900 1035 1932 Cor
1059 1910 1078 1932 a
1101 1898 1241 1939 peccatis
1264 1899 1402 1938 volvere,

927 1947 1093 1991 Venturus,
1122 1946 1241 1986 dicens,
1268 1948 1316 1977 est
1341 1944 1448 1984 benig-

1225 2002 1294 2036 nus,

923 2042 978 2074 Me
1003 2041 1127 2081 fortior,
1154 2041 1241 2072 cuius
1259 2049 1321 2072 non
1339 2038 1451 2079 dignus

973 2090 1048 2122 Sum
1074 2088 1197 2121 calceos
1222 2088 1408 2120 dissolvere.

926 2156 991 2196 Sic,
1016 2165 1057 2187 ne
1079 2157 1229 2196 tangatur
1253 2154 1305 2186 hic
1330 2163 1350 2186 a
1369 2153 1450 2195 pice,

924 2203 1167 2243 Superbientum
1192 2202 1364 2242 allectrice‚

971 2251 1170 2284 Ambitiones
1195 2249 1342 2290 abnegat,

925 2298 1123 2331 Humilitatis
1149 2306 1283 2337 sequens
1309 2297 1392 2329 viam

925 2345 1058 2379 Profani
1083 2345 1242 2380 Christum
1268 2344 1320 2377 vel
1343 2342 1450 2375 Eliam

974 2393 1015 2426 Se
1039 2392 1109 2425 fore
1133 2400 1263 2432 prorsus
1290 2391 1433 2429 denegat.
