1655 2573
668 132 924 168 —223—

244 222 402 255 Altissimi
428 224 625 267 testificatur,

246 269 311 302 Seu
336 272 430 309 pater
454 272 515 304 sibi
542 273 731 315 suffragatur

290 316 478 351 Testifieans
505 320 651 352 habilius.

152 392 231 424 235.
247 393 326 425 Pars
345 393 449 432 prima
468 395 563 428 dicit:
589 396 677 429 Scias
696 405 769 428 vere

244 439 414 471 Testamen
438 445 530 481 pater
553 443 722 483 perhibere

292 486 330 518 Iu
356 496 451 521 eausa
475 490 586 528 nequit
607 488 678 530 filii,

246 533 291 567 Ut
315 537 427 566 narrat
451 536 501 567 lex
529 536 720 579 canonizata,

245 581 344 620 Quam
371 583 537 613 canonizat
560 583 738 623 adprobata

292 627 457 660 Sententia
483 629 617 661 concilii.

149 704 228 736 236.
243 702 430 742 Respondet
445 712 522 743 pars
538 704 768 744 evangelistae:

244 751 307 782 Pro
334 751 421 782 certo
446 751 539 790 scias,
565 752 658 791 pater
681 752 742 783 isto

290 796 557 829 Praedominatur
581 797 707 837 regibus

245 843 512 884 Principibusque
535 845 701 888 universis,

243 892 404 929 Romanis,
417 890 558 931 Graecis,
569 892 685 931 Medis,
693 893 769 925 Per-

546 947 590 970 sis

293 985 362 1016 Nee
386 985 546 1025 adfigatur
570 985 702 1025 legibus.

154 1062 232 1093 237.
247 1061 460 1099 Imperatores
485 1062 579 1100 atque
604 1069 694 1100 reges

246 1107 310 1139 Hie
332 1107 453 1145 statuit,
479 1107 532 1138 hie
556 1116 653 1140 novas
674 1108 769 1148 leges,

294 1154 358 1185 Hie
380 1155 452 1186 iura
477 1155 586 1186 condit
608 1157 727 1192 vetera,

248 1201 311 1234 Hie
335 1201 421 1234 solus
446 1201 536 1234 novit
559 1201 735 1241 veritatem,

245 1248 403 1282 Iustitiam
430 1251 461 1279 et
486 1249 687 1288 aequitatem,

293 1295 380 1336 Ergo
398 1295 525 1334 quidem
544 1298 575 1326 et
592 1297 707 1330 cetera.

154 1372 232 1404 238.
248 1372 328 1403 Pars
353 1370 458 1410 prima
479 1370 573 1402 dicit:
599 1370 671 1403 Etsi
688 1371 772 1410 proli

248 1418 312 1450 Det
336 1420 428 1457 pater
452 1416 535 1449 forte
559 1417 629 1449 iure
652 1419 719 1458 poli

295 1465 505 1504 Augmentum
529 1465 709 1504 testimonii,

246 1513 284 1544 In
308 1511 365 1543 lite
390 1510 550 1543 filiationis

244 1560 289 1591 Et
312 1559 491 1590 testamenti
518 1557 675 1599 factionis,

292 1607 332 1638 In
358 1614 453 1638 eausa
475 1606 678 1646 matrimonii,

151 1683 231 1716 239.
246 1682 318 1714 Non
344 1684 448 1713 tamen
473 1689 531 1721 pro
557 1681 736 1713 maioritate

246 1729 307 1762 Seu
332 1728 539 1768 praecellenti
565 1728 720 1769 dignitate

294 1776 421 1808 Testari
445 1778 539 1816 pater
563 1774 628 1808 filio

248 1823 378 1856 Valebit
402 1821 506 1855 famae
529 1831 588 1862 pro
606 1826 771 1863 augmento

244 1871 307 1903 Seu
326 1871 481 1903 commodi
500 1879 559 1910 pro
576 1870 770 1902 incremento

292 1918 477 1958 scripturae
502 1917 542 1950 de
567 1918 708 1950 consilio.

149 1997 228 2029 240.
256 1997 336 2028 Pars
354 1993 451 2026 alt’ra
469 1994 563 2026 dicit:
590 1994 688 2026 Pater
703 1993 768 2032 ille,

244 2044 342 2082 Quem
361 2044 468 2074 coetus
486 2042 669 2081 angelorum
684 2041 773 2073 mille

290 2090 464 2123 Testantur
487 2089 584 2121 laude
608 2089 730 2128 sedula,

241 2139 306 2171 Pro
336 2136 397 2169 filii
420 2136 600 2169 maioritate

241 2187 292 2218 Ae
316 2185 467 2217 iteranda
493 2184 625 2216 caritate

289 2233 463 2267 Testantur
488 2240 567 2265 voce
591 2231 712 2264 sedula.

148 2302 226 2339 241.
241 2302 321 2334 Pars
338 2301 443 2340 prima
463 2299 557 2332 dicit:
586 2299 634 2331 Tu
653 2298 771 2330 deliras

242 2349 285 2384 Et
302 2356 416 2387 gyrum
436 2348 515 2379 caeli
529 2345 650 2378 frustra
663 2354 768 2385 gyras,

312 2394 390 2429 Cum
415 2395 481 2425 cari
507 2394 568 2425 mei
595 2393 733 2434 dignitas

921 227 993 259 Non
1019 229 1195 260 continetur
1218 228 1364 270 positivo,

922 273 985 306 Sed
1011 275 1109 315 magis
1133 276 1166 307 in
1190 274 1383 314 superlativo

967 320 1171 362 Praefulgeat
1193 321 1370 362 insignitas.

828 416 905 449 242.
921 415 1003 447 Nam
1020 423 1111 447 sacer
1127 415 1215 447 Beda
1233 414 1440 454 venerandus,

920 462 1133 494 Testifieando
1157 470 1218 493 non
1246 461 1430 501 culpandus,

968 509 1021 540 Sie
1046 509 1124 540 dicit
1147 509 1362 549 apertissime:

920 556 1083 595 Parentes,
1110 563 1200 587 senes
1221 554 1394 594 infecundi,

920 601 971 634 De
996 604 1077 635 dono
1104 603 1195 633 huius
1214 602 1297 642 quod
1312 601 1443 633 iucundi

968 648 1048 680 Sunt
1071 649 1170 688 prolis
1196 649 1418 681 nobilissimae.

829 742 907 774 243.
923 741 1001 774 Pars
1016 741 1111 773 alt'ra
1125 742 1220 774 dicit:
1239 742 1306 774 Iam
1319 742 1445 781 quiesce

922 787 967 821 Et
990 789 1077 820 velut
1102 797 1211 820 errans
1237 789 1427 829 obmutesce,

968 835 1052 867 Dum
1092 834 1217 875 profers
1258 836 1318 867 hoc
1353 844 1444 874 prae-

1225 882 1355 925 eonium,

924 928 1001 961 Cum
1014 929 1091 961 satis
1102 929 1163 961 hoe
1174 929 1218 960 sit
1229 932 1336 961 notum
1346 929 1443 969 genti,

923 975 1028 1008 Ullius
1054 976 1137 1015 quod
1157 985 1220 1008 non
1236 977 1276 1007 sit
1295 976 1443 1007 momenti

969 1023 1071 1056 Unius
1097 1022 1319 1056 testimonium.

830 1116 908 1149 244.
922 1117 1000 1148 Pars
1017 1116 1121 1155 prima
1139 1116 1231 1148 dicit:
1253 1116 1443 1150 Christianis

921 1163 983 1195 Est
1006 1167 1112 1195 notum
1138 1163 1229 1194 simul
1255 1166 1287 1194 et„
1302 1163 1443 1203 paganis,

969 1210 1106 1248 Iudaeis,
1127 1210 1267 1250 Graecis,
1283 1210 1444 1251 Barbaris,

923 1256 1100 1297 Aegyptiis,
1126 1257 1342 1299 &maritmis

922 1303 1238 1343 Lumba1·dis‚Tuscis
1246 1308 1277 1335 et
1283 1303 1444 1342 Romanis,

969 1350 1106 1391 Polonis‚
1135 1350 1248 1389 slavis,
1274 1350 1425 1391 [lugan-is,

831 1444 911 1476 245.
928 1443 1074 1486 Gallosis,
1103 1443 1215 1483 Gallis,
1243 1443 1427 1483 Gallicanis,

924 1490 1108 1522 Britenibus
1135 1495 1166 1522 et.
1189 1491 1385 1534 maguntinis,

969 1537 1131 1578 Hibernis,
1158 1537 1265 1577 Dacis,
1292 1537 1446 1578 Tamaris,

923 1584 1123 1625 Burgundss,
1153 1584 1287 1617 Francis
1312 1587 1345 1616 et.
1369 1585 1447 1617 Ger-

1224 1632 1334 1672 manis,

924 1679 1145 1718 Arabibusque
1178 1682 1210 1710 et
1234 1680 1396 1718 Hispanis,

970 1726 1129 1767 Bohemis,
1156 1727 1285 1767 Swavis‚
1304 1726 1444 1767 Bavaris.

828 1822 908 1854 246.
922 1820 1142 1853 Franeonibus
1168 1824 1199 1852 et
1221 1821 1423 1860 Nor-amanis,

921 1867 1121 1901 Vaseonibus
1150 1870 1182 1900 et
1206 1868 1384 1908 Aquitanis,

971 1915 1168 1954 Westphalis
1204 1918 1235 1946 et
1260 1915 1447 1956 Samnium,

922 1963 1160 2002 Livonibusque
1177 1971 1246 1993 cum
1263 1961 1442 2004 Pruthenis‚

923 2010 1111 2043 Frisonibus
1143 2009 1200 2041 sed
1225 2013 1256 2041 et
1280 2008 1445 2050 Eumenis,

971 2057 1118 2097 Turingis
1144 2061 1176 2089 et
1202 2056 1407 2097 Hassonibus‚

829 2154 908 2186 247.
925 2151 1103 2193 Campanis,
1130 2151 1308 2191 Siculisque
1323 2150 1437 2190 soom,

922 2200 1080 2237 Armenis,
1094 2199 1210 2238 Medis,
1225 2198 1342 2240 Persis,
1358 2198 1449 2230 Gotis

971 2247 1015 2279 Et
1039 2246 1137 2279 fuscis
1160 2245 1369 2286 Aethiopibus

922 2297 976 2337 Et,
1002 2298 1097 2336 prout
1122 2304 1204 2335 reor,
1229 2293 1367 2335 Asianis,

924 2342 1171 2383 Quadripartitis
1195 2340 1368 2379 Africanis,

972 2389 1148 2421 Innumeris
1172 2386 1364 2429 Europibus,
