1655 2573
127 1095 145 1124 Lo

644 108 876 144 —33-

487 200 536 232 49.
567 201 673 233 Oratio
694 202 826 233 secunda
847 202 888 234 ad
908 202 1046 234 eandem.

153 309 160 318 .
187 286 290 327 Ave,
316 288 420 328 Anna,
451 290 504 328 pia
529 292 639 329 mater,
805 292 835 323 3.
864 289 1022 328 Gaude,
1049 291 1141 322 radix
1158 294 1286 323 nostrae
1304 293 1412 334 sortis,

185 333 231 364 Te
257 334 351 374 elegit
376 335 462 367 Deus
487 339 588 380 pater,
864 337 914 369 Sis
939 340 1079 369 tutamen
1104 338 1182 369 hora
1208 338 1328 378 mortis,

185 379 286 412 Filius
312 383 344 412 te
369 382 539 420 adamavit,
869 385 953 416 Pelle
979 384 1099 416 hostem
1123 384 1325 427 virulentum,

188 426 325 466 Spiritus
354 429 574 463 sanctificavit.
864 431 935 463 Due
963 432 1004 463 ad
1031 431 1110 463 caeli
1134 440 1190 463 nos
1217 436 1412 467 concentum.

186 492 331 537 Salve,
360 497 515 527 matutina
538 496 640 536 stella,
809 498 840 530 4.
868 497 986 539 Vale,
1013 500 1123 529 nostra
1148 498 1347 537 consolatrix,

187 540 237 572 Ex
267 544 299 573 te
324 544 395 573 orta
420 545 466 573 est
491 541 621 581 fiscella,
867 543 943 576 Cum
968 544 1073 576 Maria
1096 544 1140 575 sis
1166 546 1297 583 oratrix,

187 589 274 625 Quae
297 588 426 620 inclusit
448 589 483 620 in
507 598 542 620 se
565 589 673 625 solem,
862 590 909 623 Ut
932 598 1094 622 vescamur
1120 592 1200 623 caeli
1225 600 1280 623 esu

185 632 391 666 Auferentem
415 635 523 667 mundi
549 635 672 667 molem.
860 637 905 668 Et
929 636 1071 669 fruamur
1095 637 1148 675 pio
1173 638 1255 670 Iesu.

564 762 611 794 50.
646 763 690 794 De
710 763 812 794 tribus
832 762 970 802 regibus.

149 876 155 882 .
187 852 335 889 Avete,
363 860 453 891 reges
475 852 613 892 gloriosi,
802 854 833 885 3.
860 852 1069 891 Gaudete,
1087 852 1182 892 primi
1199 851 1409 893 confessores,

183 897 264 929 Prae
298 898 417 930 cunctis
443 899 552 930 mundi
574 899 728 940 generosi,
861 899 941 930 Nam
966 898 1039 931 fidei
1065 899 1244 939 primaevos
1268 898 1360 931 flores¹

183 944 351 976 Praeclare
364 945 482 984 Iasper‚
498 954 555 977 rex
568 945 728 986 virtutum,
863 946 978 977 Virtuti
1004 945 1122 979 Christi
1147 945 1316 987 obtulistis,

183 991 209 1023 O
233 991 400 1027 Manthion
427 993 555 1024 honoris
580 995 712 1031 scutum,
858 993 896 1024 ln
923 993 1012 1024 donis
1035 992 1138 1024 Deum
1164 993 1364 1032 cognovistis,

182 1037 226 1069 Et
241 1037 410 1070 Balthasar
436 1038 513 1070 dans
539 1040 602 1070 iter
618 1041 728 1071 tutum.

150 1118 155 1125 .
184 1093 376 1133 Salvete‚
404 1096 486 1134 magi
508 1095 666 1136 illustrati,
801 1098 832 1129 4.
861 1096 1034 1136 valete,
1060 1104 1151 1135 reges
1176 1096 1347 1137 sapientes,

183 1140 246 1173 Per
270 1150 383 1173 novam
409 1142 533 1174 stellam
557 1143 729 1182 iucundam,
858 1143 895 1174 In
921 1143 1022 1182 gloria
1045 1151 1129 1174 nuno
1153 1143 1396 1182 triumphantes,

182 1187 729 1229 Quaeduxitadpraesaepeohristi‚
858 1189 924 1221 Pro
947 1189 1040 1221 nobis
1065 1198 1190 1229 semper
1215 1193 1353 1232 exorate,

183 1233 328 1266 Solamen
354 1235 423 1267 sitis
447 1235 524 1267 mihi
548 1235 643 1267 tristi.
858 1236 1024 1269 Caelorum
1047 1245 1144 1277 regna
1167 1237 1346 1277 impetrate,

488 1362 529 1394 51.
560 1363 606 1395 Ad
626 1371 650 1395 s.
671 1363 840 1395 Johannem
860 1364 1042 1404 Baptistam.

125 1450 158 1482 1.
184 1451 288 1492 Ave,
315 1450 434 1482 Christi
458 1454 493 1482 tu
517 1451 666 1492 baptista,
803 1454 835 1486 3.
858 1452 1010 1494 Gaude,
1026 1452 1412 1495 summusprophetarum‚

182 1496 283 1537 Regni
307 1497 368 1530 Dei
392 1499 599 1541 praeconista,
859 1500 991 1539 Angelis
1017 1499 1069 1539 qui
1097 1498 1204 1532 differs
1229 1508 1351 1542 parum,

183 1544 241 1583 Qui
265 1544 421 1576 Iohannes
447 1553 479 1577 es
504 1548 643 1585 vocatus,
861 1546 962 1579 Homo
986 1547 1099 1578 missus
1123 1546 1156 1577 in
1182 1547 1325 1585 salutem,

183 1590 282 1623 Utero
307 1591 529 1627 sanctificatus,
858 1593 909 1626 Da
933 1603 987 1626 cor
1008 1596 1151 1625 sanctum
1177 1596 1209 1624 et
1233 1594 1391 1626 virtutem.

125 1659 155 1689 2.
182 1656 324 1696 Salve,
350 1659 460 1691 mundi
485 1662 519 1691 tu
543 1661 681 1699 lucerna,
800 1663 831 1693 4.
858 1660 978 1700 Vale,
1005 1668 1110 1692 coram
1134 1659 1203 1691 Deo
1227 1668 1358 1700 magnus

180 1704 226 1736 Te
249 1705 401 1744 produxit
424 1707 480 1738 lux
502 1716 649 1751 superna,
859 1707 902 1739 Et
926 1708 1081 1739 Iohannes
1108 1708 1191 1739 mitis
1216 1716 1326 1748 agnus,

180 1752 218 1785 ln
244 1752 368 1785 deserto
393 1753 445 1785 hie
469 1754 586 1796 vixisti,
859 1754 983 1787 Grandia
1007 1757 1042 1786 tu
1066 1753 1176 1787 confer
1196 1755 1280 1787 vitae

182 1800 283 1833 Parce
306 1809 432 1832 carnem
456 1801 572 1835 aluisti.
860 1801 1011 1834 Caritatis
1039 1801 1189 1834 infinitae.

301 1929 348 1960 52.
380 1928 527 1969 Sequitur
547 1929 648 1961 oratio
672 1930 712 1962 ad
731 1931 873 1962 sanetum
894 1930 1022 1961 Petrum
1043 1929 1225 1970 apostolum.

125 2019 154 2051 1.
182 2018 287 2057 Ave,
312 2019 367 2050 lux
392 2018 617 2062 apostolorum,
805 2020 836 2054 3.
863 2019 1023 2060 Gaude,
1038 2020 1187 2060 princeps
1201 2020 1413 2052 Romanorum

186 2065 302 2098 Sancte
327 2066 432 2107 Petre,
460 2066 523 2098 dux
547 2066 709 2107 iustorum,
866 2067 1029 2107 Caputque
1055 2067 1279 2108 apostolorum,

184 2113 319 2146 Caelieis
343 2114 485 2154 repletus
512 2113 613 2154 donis,
862 2114 955 2147 Dona
977 2114 1070 2146 nobis
1094 2118 1215 2146 rectum
1240 2119 1367 2154 statum,

180 2163 267 2194 Acer
291 2161 395 2201 malis.
421 2161 492 2201 pius
518 2160 619 2194 bonis,
863 2162 931 2194 Deo
956 2170 1032 2195 vero
1057 2170 1183 2203 semper
1208 2165 1343 2202 gratum.

122 2230 152 2261 2.
179 2228 326 2272 Salve,
351 2231 461 2268 pastor
486 2228 683 2270 principaliS‚
805 2231 837 2262 4.
865 2228 986 2269 Vale,
1013 2228 1092 2261 caeli
1116 2237 1201 2261 nunc
1217 2237 1391 2268 possessor,

181 2275 328 2308 Medicus
355 2284 388 2307 es
414 2275 572 2316 divinalis,
864 2274 984 2308 Iudicis
1009 2285 1041 2307 es
1067 2278 1101 2307 tu
1126 2284 1277 2315 assessor,

182 2323 267 2356 Tuas
292 2332 366 2355 oves
391 2323 444 2362 pie
467 2332 555 2364 sana,
863 2324 940 2355 Tuis
966 2324 1066 2356 servis
1091 2323 1251 2366 miserere,

181 2371 309 2405 Morsus
333 2370 401 2411 lupi
425 2375 462 2403 tu
486 2372 664 2412 complana,
865 2370 932 2403 Fac
956 2379 1028 2402 oum
1051 2370 1121 2403 Deo
1145 2378 1343 2411 permanere.

165 2431 265 2455 Blumo
272 2448 278 2459 .
294 2431 337 2456 Pin
350 2430 494 2456 Diei-mina.
673 2435 679 2438 ·
1228 2424 1246 2453 3
