1655 2573
653 118 905 155 —111—

481 216 513 250 4.
539 215 649 256 Nobis,
676 225 693 247 ο
717 218 837 248 amator
862 215 990 257 Christi,

540 263 640 303 Opem
664 262 714 295 fer
735 262 770 294 in
792 265 896 295 morte
918 262 1005 294 tristi

589 310 709 343 Cuncta
734 310 841 342 delens
867 310 1008 342 crimina.

211 371 290 399 Orat.
313 381 365 399 ms.
383 373 573 402 Trudonense
592 383 667 403 saec.
690 373 734 403 16.
755 375 794 402 in.
837 374 907 404 006..
929 374 1067 403 Leodien.
1087 372 1151 402 395.

582 466 642 498 219.
669 467 712 498 De
731 469 838 500 sancto
857 467 975 498 Livino.

146 534 174 566 1.
205 534 326 574 Gaude,
352 538 483 573 martyr,
509 534 567 566 flos
592 536 715 578 Livine‚
878 536 998 575 Gaude,
1025 536 1079 576 qui
1104 539 1187 567 tuam
1215 535 1368 567 nutricem

205 581 265 612 Per
289 589 381 621 quem
406 581 564 621 pullulant
589 582 695 614 divine
876 583 1035 614 Liberasti
1060 581 1218 614 infelicem

250 627 408 659 Miracula
430 629 566 668 saeculo,
921 629 972 661 Ab
997 629 1095 661 host-is
1122 630 1290 662 consortio.

205 674 325 713 Gaude,
352 674 569 727 archipraesul
595 675 723 713 Christi,
820 687 850 718 3·
880 685 1000 725 Gaude,
1028 685 1077 716 cui
1101 685 1317 725 praesignavit

201 720 407 752 Consecraffls
433 729 485 760 <1¹¹1
511 720 599 753 fUISfi
878 731 1022 763 Christus
1047 735 1189 770 mortem,
1216 740 1285 763 cum
1309 733 1413 764 oravit

246 768 283 799 11²
311 770 454 799 materno
477 770 578 802 ῺῖθἸ-Ὂ·
925 777 1036 810 Noctis
1061 778 1094 809 in
1120 779 1313 819 crepusculo,

146 826 177 856 2.
205 824 326 861 Gaude,
353 826 453 866 pater,
481 825 534 863 qui
560 825 675 857 curasti
877 826 963 866 Ergo
988 828 1109 865 martyr
1133 834 1190 857 nos
1214 826 1379 867 praeclare

204 870 281 903 Mox
306 872 474 912 leprosum,
502 872 576 903 dum
600 873 727 904 intrasti
879 873 978 904 Prece
1000 874 1057 904 tua
1079 875 1188 904 tueare

246 917 380 949 Domum
407 926 477 950 cum
501 919 641 959 collegio.
925 919 976 952 Ab
1002 922 1130 951 aeterno
1156 920 1271 951 taedio.

485 977 516 1008 4.
541 975 670 1015 Facque
695 976 853 1009 Christum
884 985 942 1007 nos
967 984 1083 1016 amare,

543 1022 589 1054 Ut
614 1022 777 1063 dignemur
801 1023 936 1055 iubilare

586 1071 625 1102 In
646 1069 780 1108 perenni
804 1070 927 1110 gaudio.

205 1134 283 1161 Orat.
311 1142 362 1161 ms.
389 1134 581 1162 Harlemense
606 1142 680 1162 saec.
710 1133 752 1162 15.
794 1134 862 1162 Cod.
886 1136 1033 1162 Trevirtn.
1060 1132 1124 1161 493.
1145 1133 1180 1161 A.
1270 1134 1348 1162 Orat.
1373 1143 1417 1160 ms

128 1170 417 1237 gffissssndnncanum
444 1180 519 1199 saec.
548 1170 591 1199 15.
632 1171 701 1200 God.
721 1172 859 1200 Leodien.
882 1170 947 1200 397.
966 1173 997 1198 B.
1077 1170 1102 1207 1,
1122 1170 1139 1200 3
1159 1172 1237 1200 Mira
1257 1172 1349 1199 multa
1364 1179 1425 1199 sae-

581 1292 649 1324 220.
674 1291 718 1323 De
739 1294 844 1324 sancto
866 1292 976 1324 llarco.

143 1361 173 1393 1.
202 1361 321 1401 Gaude,
347 1362 468 1401 Marce,
496 1363 622 1402 praesul
647 1366 737 1402 grate
819 1365 850 1395 2.
878 1362 998 1402 Gaude,
1026 1364 1108 1403 quod
1134 1371 1191 1404 per
1215 1365 1248 1394 te
1272 1366 1401 1394 sanatus

199 1408 425 1450 Alexandriae,
454 1409 601 1440 decorate
874 1409 951 1441 Fuit
975 1414 1063 1442 sutor
1086 1411 1268 1443 vulneratus

242 1455 384 1487 Leonina
408 1455 501 1496 facie,
922 1456 1020 1489 Manu
1045 1455 1124 1488 ferri
1149 1457 1226 1496 acie,

199 1503 317 1546 Gaude,
344 1503 482 1543 scriptor
507 1503 652 1535 ordinate
875 1503 996 1544 Gaude,
1023 1504 1097 1544 quia
1122 1504 1302 1536 convertisti

200 1550 289 1581 Vitae
317 1549 436 1582 Christi
463 1576 472 1585 .
505 1582 508 1585 .
538 1579 544 1585 .
873 1551 1030 1583 Plurimos
1055 1551 1096 1582 ad
1121 1550 1217 1583 fidem
1242 1550 1360 1584 Christi

246 1627 252 1633 ,
282 1624 288 1630 .
318 1627 324 1633 ,
350 1597 462 1637 plenus
487 1597 618 1638 gratiae.
922 1598 1036 1630 Verbis
1062 1598 1247 1638 sapientiae.

478 1655 508 1688 3.
537 1652 648 1687 Gaude
674 1654 743 1686 dire
768 1657 988 1686 tormentatum

536 1701 583 1733 Te
608 1701 772 1734 scandisse
796 1701 874 1734 caeli
899 1704 1025 1742 pratum

581 1749 759 1788 Martyrum
783 1749 816 1781 in
841 1749 919 1792 acie,

532 1796 601 1828 Fac
624 1804 675 1827 me
698 1796 784 1828 vitiis
808 1799 977 1836 purgatum

535 1841 749 1882 Contemplari
773 1843 833 1875 Dei
858 1847 966 1876 natum

588 1890 626 1922 In
651 1890 760 1923 divina
783 1891 899 1931 specie.

205 1954 284 1982 Orat.
311 1962 364 1982 ms.
385 1954 572 1983 Trudonense
599 1963 673 1983 saec.
703 1954 745 1983 16.
771 1957 810 1983 in.
851 1955 920 1983 Cod.
938 1957 1076 1985 Leodien.
1102 1956 1166 1986 395.
1192 1972 1216 1975 —
1257 1956 1282 1990 1,
1305 1956 1319 1984 1
1343 1957 1420 1993 grat<

121 1992 202 2020 fehlt.
221 2006 258 2011 —-
278 1990 305 2023 3,
325 1990 344 2020 3
363 1992 483 2029 Martyr-

539 2076 600 2107 221.
631 2077 674 2107 Dc
694 2077 803 2108 sancta
823 2077 1012 2117 Margareta.

139 2144 168 2177 1.
197 2144 318 2186 Gaude,
346 2145 434 2186 virgo
460 2146 607 2186 gloriosa,
817 2149 848 2179 2.
873 2147 994 2180 Gaude.
1022 2156 1102 2188 quae
1125 2149 1324 2181 incarcerata

194 2192 379 2233 Margareta
407 2193 558 2234 pretiosa,
874 2194 1069 2227 Daemonem
1094 2204 1128 2227 es
1156 2197 1370 2236 contemplata

241 2240 416 2272 Rubricata
440 2242 602 2282 sanguine,
922 2244 957 2275 In
988 2243 1134 2275 draconis
1159 2245 1274 2284 specie,

195 2287 317 2332 Gaude,
352 2297 432 2328 quae
456 2288 612 2328 praefecti
636 2292 744 2331 spreto
875 2290 998 2328 Gaude,
1025 2291 1110 2331 quod
1135 2300 1205 2323 eum
1227 2291 1346 2333 fugasti

193 2336 274 2368 Voto
300 2335 384 2368 malo
411 2336 506 2369 corde
531 2338 614 2369 laeto
877 2339 963 2371 Pede
988 2340 1159 2378 sanctoque
1185 2339 1314 2371 calcasti

238 2381 366 2417 Gaudes
393 2383 509 2416 Christi
535 2385 672 2417 nomine.
919 2385 1077 2417 Verticem
1102 2385 1252 2419 malitiae.
