1655 2573
753 120 1009 157 -114-v2

244 228 275 260 3.
303 225 414 258 Gaude
435 225 516 255 mire
539 223 721 255 suscitatum
912 218 945 248 4.
972 212 1094 250 Gaude,
1120 209 1244 249 fulgens
1269 207 1367 246 signis
1393 205 1500 245 claris,

301 273 487 311 Septennem
514 273 544 301 et
566 268 759 308 baptizatum
971 259 1060 298 Quod
1086 266 1155 288 cum
1182 256 1249 287 Deo
1274 253 1458 286 iucundaris

347 318 429 350 Esse
450 326 508 356 per
531 319 564 347 te
588 321 729 354 puerum.
1019 306 1058 337 In
1083 307 1170 335 sorte
1191 299 1385 342 pontificum.

581 372 611 402 5.
636 370 705 401 Fac
725 368 892 405 iungamur
918 361 1036 395 Christi
1059 360 1143 391 caris

635 414 729 447 Eruti
752 412 861 453 poenis
886 409 1001 441 amaris

683 461 772 491 Intra
797 458 925 489 chorum
949 454 1112 487 caelicum.

307 531 385 558 Orat.
404 537 458 556 ms.
472 528 604 556 carthus.
621 525 771 552 Colonien.
792 530 867 550 saec.
889 519 935 549 15.
969 519 1037 548 0011.
1053 518 1203 547 colonien.
1218 514 1264 544 28.
1283 516 1348 544 add.
1362 523 1438 543 saec.
1453 512 1524 542 1ΤΗΝ.

657 606 721 637 227,
751 606 793 636 Dc
813 603 919 635 sancto
939 600 1094 632 Mauritio.

248 682 278 714 1.
306 680 426 719 Gaude,
451 678 600 712 Thebaea
622 677 714 716 legio,
919 675 950 705 4.
979 672 1099 712 Gaude,
1125 670 1224 712 miles,
1252 669 1301 701 vir
1324 668 1445 707 inclite,

302 727 421 759 Dotata
443 725 609 767 privilegio
978 719 1037 758 Qui
1063 727 1120 758 pro
1147 716 1273 749 Christo
1299 715 1369 747 sine
1393 715 1451 746 lite

353 773 541 805 Caelicolum
565 772 710 804 militum.
1026 765 1148 798 Collum
1175 763 1260 795 ferro
1286 762 1470 801 submisisti,

304 820 347 851 Hi
373 822 445 851 sunt
468 818 584 850 milites
609 817 739 855 strenui,
976 813 1060 844 Dum
1085 821 1105 843 a
1128 814 1258 851 regente
1283 814 1418 849 tyranno

304 867 365 906 Qui
389 868 569 898 meruerunt
593 864 690 895 imbui
977 860 1055 891 Rem
1080 858 1255 891 Romanam
1278 856 1336 888 illo
1360 865 1442 888 anno

352 914 382 945 A
407 914 498 945 beato
523 912 678 951 praesule.
1024 906 1149 938 Iuberis
1177 904 1340 937 decollari.

248 971 280 1002 2.
306 968 425 1010 Gaude,
450 968 598 1000 Thebaea
622 967 736 1004 contio,
922 967 951 997 5.
980 963 1101 1001 Gaude,
1128 962 1181 1002 qui
1207 961 1436 994 commilitones

305 1015 401 1048 Sacro
426 1015 505 1046 duce
531 1014 681 1046 Mauritio
978 1010 1032 1041 Ad
1057 1009 1249 1042 sacrificium
1274 1017 1382 1040 omnes

352 1063 484 1094 Armata
509 1061 724 1100 transalpasti,
1028 1057 1145 1089 Venire
1169 1056 1359 1102 properasti,

310 1108 369 1147 Qui
391 1109 479 1140 iussu
493 1108 683 1140 Maximiani
979 1104 1062 1135 Dum
1088 1106 1210 1136 tortore
1233 1103 1403 1134 assistente

307 1156 415 1187 Firmo
441 1155 535 1187 corde
558 1163 621 1186 non
645 1153 732 1185 inani
982 1151 1234 1191 Altercarentur,
1261 1150 1331 1190 quis
1356 1151 1431 1183 ante

355 1202 392 1234 In
417 1201 549 1241 Agauno
580 1200 758 1232 substitisti.
1030 1198 1142 1238 Capite
1166 1199 1376 1231 truncaretur.

251 1260 280 1291 3.
309 1258 429 1297 Gaude,
463 1267 535 1289 narn
558 1257 742 1296 imperatori
926 1257 956 1288 6.
980 1256 1043 1290 Ho,
1069 1255 1123 1287 ho.
1146 1258 1306 1295 martyres
1330 1253 1484 1289 Thebaei,

309 1305 469 1337 idolorum
493 1304 625 1335 zelatori
981 1302 1133 1333 Precibus
1158 1301 1315 1342 possimus
1341 1301 1412 1332 vehi

356 1351 474 1383 Parere
496 1350 668 1388 reluctasti‚
1032 1348 1154 1380 Vestris
1179 1348 1220 1379 ad
1244 1348 1403 1387 caelestia,

310 1397 392 1428 Dum
419 1397 479 1429 diis
505 1396 685 1428 sacrificare
985 1397 1062 1428 Cum
1087 1395 1207 1435 angelis
1234 1395 1422 1426 caelestibus

308 1443 354 1474 Te
382 1446 549 1475 conaretur
574 1445 679 1475 artare
983 1443 1027 1474 Et
1053 1451 1121 1473 cum
1148 1442 1266 1476 Christi
1290 1441 1444 1473 militibus

357 1489 432 1521 Cum
456 1493 523 1521 tota
546 1489 678 1529 legione.
1032 1488 1158 1521 Summo
1183 1489 1266 1521 bono
1291 1488 1424 1529 perfrui.

317 1553 384 1581 Ood.
404 1555 553 1590 Agaunen.
575 1550 620 1580 28.
641 1561 715 1581 iaec.
738 1552 781 1579 17.
804 1567 838 1571 -—
861 1552 888 1586 2,
909 1552 926 1580 6
947 1554 1076 1581 subsisti.
1097 1568 1134 1572 —
1151 1553 1178 1587 4,
1201 1551 1218 1581 3
1238 1554 1382 1582 subruisti.

689 1634 756 1664 228.
786 1635 828 1665 De
849 1636 954 1666 sancto
975 1635 1090 1667 Mauro.

256 1705 286 1736 1.
315 1703 432 1742 Gaude,
458 1704 580 1742 Maure,
607 1712 757 1742 spernens
928 1707 959 1738 3.
988 1705 1108 1744 Gaude,
1135 1707 1220 1745 quod
1244 1707 1442 1739 resuscitasti

633 1751 784 1782 mundum
985 1752 1149 1784 Mortuum
1173 1756 1207 1784 et
1228 1753 1377 1786 liberasti

315 1797 482 1828 Benedicti
505 1805 564 1837 per
589 1805 642 1828 cor
666 1797 814 1829 mundum
1033 1799 1185 1831 Homines
1208 1800 1424 1840 languoribus,

363 1842 426 1875 Sub
454 1844 599 1875 districta
623 1844 740 1883 regula,
989 1845 1110 1888 Gaude,
1137 1847 1210 1887 quia
1235 1847 1380 1888 effugasti

316 1890 438 1931 Gaude,
462 1899 586 1929 semper
601 1894 711 1922 tenens
729 1888 859 1922 fundum
988 1892 1163 1925 Daemones
1188 1897 1221 1925 et
1245 1895 1433 1927 condonasti

317 1937 512 1969 Humilitatis
536 1936 738 1976 profundum,
1036 1939 1167 1980 Culpam
1197 1942 1442 1975 detractoribus.

362 1982 498 2015 Sanctae
521 1984 607 2016 vitae
631 1983 776 2016 formula.

260 2041 292 2071 2.
319 2039 439 2077 Gaude,
464 2041 537 2079 quia
561 2039 727 2072 cucurristi
931 2043 963 2073 4.
990 2041 1102 2074 Gaude
1125 2052 1211 2075 nunc
1233 2045 1268 2076 in
1291 2054 1390 2085 regno
1415 2046 1476 2078 Dei

316 2085 417 2126 Super
442 2095 538 2126 aquas
564 2090 594 2118 et
619 2086 754 2118 traxisti.
991 2088 1066 2119 Cum
1093 2089 1267 2122 Benedicto
1292 2091 1369 2124 fidei

365 2132 416 2164 Ne
439 2134 569 2172 periret.
594 2142 736 2173 puerum.
1037 2134 1082 2166 Et
1109 2137 1262 2169 virtutum
1286 2140 1426 2178 speculo.

319 2179 439 2215 Gaude,
466 2179 548 2218 quod
574 2180 695 2210 hostem
719 2179 823 2211 vicisti
990 2181 1149 2214 Ancoram
1174 2184 1287 2216 beatae
1311 2187 1381 2225 spei

319 2226 520 2263 Illudentem,
545 2229 581 2256 ut
603 2226 722 2266 petisti,
994 2227 1125 2266 Praebe,
1150 2233 1253 2270 pater,
1278 2240 1400 2264 memor
1423 2235 1486 2266 mei

367 2272 559 2305 Monachum
582 2273 640 2305 sed
663 2272 820 2304 miserum.
1040 2274 1174 2314 Semper
1195 2277 1231 2309 in
1254 2277 1317 2310 hoc
1340 2282 1476 2314 saeculo.

268 2378 274 2382 ⁵
299 2378 305 2382 Ι
322 2337 401 2382 Qrat.
426 2345 477 2374 ms.
499 2337 688 2365 'srudonense
706 2345 782 2364 saec.
805 2334 847 2364 16.
867 2339 908 2364 in.
952 2338 1021 2366 Cori.
1042 2339 1181 2367 Lendien.
1200 2339 1266 2370 395.
1285 2358 1323 2362 —
1343 2342 1371 2375 2,
1390 2344 1412 2373 4
1428 2346 1544 2375 hostem

247 2377 356 2404 vidisti.
374 2390 414 2395 ——
432 2375 459 2410 3,
479 2373 497 2402 3
518 2383 536 2403 a
555 2375 754 2411 languoribus.
