1655 2573
696 141 954 177 —225—

183 234 262 265 262.
277 233 359 272 Quid
365 234 451 266 ultra
455 244 582 275 possum
588 237 661 276 plus
667 235 799 278 referre,

278 280 342 312 Sed
360 282 444 320 quod
456 282 489 313 in
503 281 581 315 fines
595 284 680 315 orbis
695 286 801 316 terrae

324 327 387 359 Hic
411 331 501 360 tonat
523 331 718 371 evangelium

274 375 564 416 Apocalypsimque
589 385 659 408 cum
682 377 784 409 tribus

273 421 441 462 Epistulis,
460 432 540 463 quae
551 427 624 455 sunt
635 424 687 455 hic
701 424 798 464 cibus,

322 467 383 508 Qui
396 470 505 501 mortis
515 471 607 502 sedat
619 471 773 510 proelium
782 472 798 502 ’ἐ

181 562 259 594 263.
274 562 318 594 Et
343 571 380 594 ea
404 566 537 604 propter
562 565 724 603 amplioris

275 609 531 650 Praerogativae,
559 611 700 642 celsioris

320 656 380 688 Est
405 665 496 688 carus
521 666 607 688 meus
632 658 749 699 utique,

274 704 419 736 Tonitrui
447 712 506 736 vox
530 704 564 734 in
589 708 709 744 aperto,

273 749 370 788 Quam
380 759 439 781 vox
447 750 649 782 clamantisin
658 751 795 787 deserto;

319 796 401 828 Nam
424 806 487 829 vox
505 797 642 830 tonantis
659 798 798 837 undique

179 891 257 922 264.
273 891 310 922 Iu
336 890 421 921 orbis
447 900 524 930 gyro
550 892 690 923 universi

272 937 796 979 Hosrevocans,quisuntdispersi,

322 984 385 1015 Per
409 984 515 1015 tubam
542 985 764 1026 evangelicam,

272 1031 440 1062 Reducens
465 1039 539 1063 oves
564 1032 606 1063 ad
631 1032 722 1074 ovile,

273 1077 480 1109 Conciliando
505 1086 602 1117 pecus
628 1078 690 1109 vile

317 1124 370 1155 Ad
408 1125 529 1156 caulam
566 1125 665 1156 trahit
701 1126 795 1157 caeli-

574 1180 651 1204 cam.

178 1267 258 1298 265.
273 1266 352 1297 Pars
358 1266 461 1306 prima
469 1265 560 1297 dicit:
570 1265 795 1298 Gordemundo

271 1312 414 1344 Dilectus
439 1321 527 1344 meus
552 1315 598 1344 est
622 1313 652 1345 in
678 1313 794 1345 mundo

318 1360 507 1400 Exemplum
532 1359 755 1398 parcimoniae.

270 1407 351 1438 Pars
376 1406 471 1438 alt'ra
496 1407 588 1438 dicit:
621 1408 659 1439 In
684 1410 794 1448 aperto

272 1453 415 1485 Dilectus
440 1462 527 1485 meus
553 1457 602 1485 est
625 1463 683 1493 pro
709 1457 794 1486 certo

319 1500 491 1533 Eunuchus
517 1501 729 1535 castimoniae.

177 1596 254 1629 266.
268 1595 346 1627 Pars
386 1594 490 1634 prima
523 1594 618 1627 dicit:
656 1594 793 1626 Multum

569 1640 713 1681 praefers

268 1689 454 1721 Eunuchum
491 1691 596 1731 tuum,
634 1689 691 1721 sed
728 1698 791 1721 non

567 1735 681 1776 refers,

317 1783 407 1821 Quod
431 1782 520 1814 iuxta
545 1783 644 1823 legem
669 1784 764 1816 etiam

265 1830 437 1862 Eunuchus
444 1832 542 1861 etnon
549 1830 690 1862 membro
701 1841 796 1864 sanus

264 1878 404 1909 Arcetur
442 1880 600 1917 tamquam
636 1878 684 1910 vir
717 1888 789 1918 pro-

567 1924 670 1966 fanus,

315 1972 365 2005 Ne
385 1972 484 2004 intret
499 1972 532 2004 in
550 1972 725 2005 ecclesiam.

171 2069 250 2102 267.
267 2069 346 2100 Pars
371 2065 466 2099 alt’ra
492 2067 585 2099 dicit:
612 2068 684 2100 Scio
704 2077 789 2108 vere,

268 2115 358 2156 Quod
368 2115 412 2155 hi,
420 2115 473 2155 qui
482 2114 572 2155 parci
583 2118 657 2147 sunt
664 2115 697 2147 in
706 2124 789 2156 aere,

311 2162 480 2195 Extollunt
503 2163 741 2203 parcimoniam,

265 2211 329 2244 Sed
355 2210 398 2250 hi,
430 2210 483 2250 qui
509 2218 579 2241 sese
604 2210 788 2250 catezizant,

264 2258 355 2298 Quod
372 2260 478 2289 mente
496 2266 622 2289 carnem
640 2258 788 2290 eunuchi-

567 2309 650 2347 zant,

313 2354 542 2387 Commendant
595 2354 739 2387 castimo-

565 2401 659 2435 niam.

222 2460 335 2487 Blumo,
350 2459 394 2482 Pia
407 2460 550 2486 Dictamina.

858 239 936 271 268.
950 237 1031 269 Pars
1047 237 1151 276 prima
1168 237 1261 268 dicit:
1287 237 1376 275 Quod
1393 238 1470 276 bap-

1249 284 1325 315 tista

952 330 1001 363 Sit
1026 331 1150 371 dignior
1174 331 1368 370 apocalysta,

997 377 1068 409 Hoc
1092 379 1181 417 patet
1204 377 1408 416 lucidissime,

950 425 1033 456 Dum
1057 425 1176 456 letania
1202 425 1399 463 decantatur,

950 472 995 504 Ut
1006 472 1155 512 princeps
1167 480 1297 512 magnus
1306 471 1472 502 invocatur

995 518 1079 550 Prae
1104 518 1216 550 ceteris
1242 518 1414 557 potissime.

858 589 935 621 269.
949 588 1027 620 Pars
1054 588 1297 629 evangelizantis
1320 586 1422 619 fatur:

948 635 1029 666 Dum
1057 644 1156 666 canon
1182 635 1296 666 missae
1320 634 1471 665 recitatur

997 682 1059 713 Pro
1084 681 1224 713 crucifixi
1248 681 1359 721 gloria,

949 728 1092 759 Dilectus
1116 736 1202 759 meus
1226 728 1390 759 invocatur

949 774 986 806 In
1011 774 1122 814 primis
1148 777 1242 814 atque
1267 776 1434 806 veneratur

997 821 1148 853 Sollemni
1173 830 1242 852 cum
1266 820 1426 859 memoria,

855 893 934 924 270.
948 892 992 923 Et
1014 892 1096 923 sicut
1117 892 1226 931 quavis
1251 892 1370 923 letania

947 938 1009 970 Est
1032 938 1129 970 missa
1152 939 1252 969 maior
1276 938 1340 969 fide
1366 937 1428 976 dia,

996 985 1159 1017 Celebrior
1184 988 1216 1016 et
1241 985 1374 1025 dignior,

948 1031 1001 1063 Sic
1025 1040 1233 1071 praecursore
1257 1040 1312 1062 seu
1329 1031 1469 1070 baptista

946 1079 1091 1110 Piscator
1115 1086 1169 1109 seu
1195 1078 1388 1117 evangelista

992 1125 1054 1157 Est
1077 1125 1176 1156 maior
1202 1127 1233 1156 et
1259 1124 1421 1164 insignior.

854 1196 933 1227 271.
948 1195 1026 1226 Pars
1043 1196 1147 1235 prima
1165 1196 1258 1228 dicit:
1284 1195 1351 1227 Ista
1367 1193 1469 1226 refers

948 1242 1118 1282 laetanter,
1149 1250 1272 1283 quoque
1294 1242 1423 1273 missam

1246 1287 1400 1330 praefers,

993 1335 1038 1368 Ut
1061 1336 1264 1375 imbrigemur
1288 1336 1411 1373 iterum,

945 1382 1109 1415 Recordor
1133 1391 1267 1422 namque
1287 1386 1319 1413 te
1335 1383 1471 1413 iactasse

945 1429 1117 1461 Iohannem
1134 1430 1260 1461 missam
1281 1430 1467 1469 celebrasse,

993 1476 1046 1508 Sic
1069 1477 1203 1508 innuens
1228 1476 1450 1516 presbyterum

853 1547 932 1579 272.
946 1546 1040 1579 Hunc
1046 1547 1205 1579 exstitisse
1211 1555 1303 1586 quam
1311 1547 1466 1589 devotum,

946 1594 992 1626 Ut
1014 1593 1185 1634 Ephesinis
1210 1592 1294 1625 foret
1317 1596 1436 1633 notum,

994 1641 1053 1680 Qui
1078 1640 1342 1673 celebrationibus

945 1688 1116 1720 Missarum
1142 1688 1208 1719 eius
1234 1687 1404 1720 adfuerunt,

944 1735 989 1767 Et
1012 1735 1100 1775 pacis
1127 1735 1242 1767 donum
1268 1739 1459 1775 receperunt

993 1783 1070 1815 Cum
1099 1782 1372 1816 valedictionibuS.

851 1855 893 1886 27
899 1855 931 1887 3.
945 1854 1008 1887 Sed
1014 1854 1275 1886 haecnarraread
1283 1854 1358 1894 quid
1365 1853 1468 1885 valet?

945 1903 1007 1934 Pro
1019 1904 1105 1933 certo
1115 1910 1218 1932 sermo
1225 1901 1326 1940 quivis
1333 1901 1466 1942 squalet,

991 1949 1053 1980 Per
1079 1957 1169 1988 quem
1194 1951 1334 1980 sectatur
1351 1948 1465 1988 otium3

944 1996 1014 2039 Dic,
1030 1995 1181 2035 numquid
1190 1995 1277 2026 tribu
1287 1996 1326 2027 de
1334 1997 1468 2034 paterna

943 2043 1091 2075 Dilectus
1104 2051 1202 2082 meus,
1223 2042 1342 2075 Christi
1359 2051 1466 2082 verna,

991 2091 1051 2123 Est
1074 2093 1184 2122 nactus
1209 2090 1422 2122 sacerdotium
1431 2088 1447 2120 ἶ)

850 2164 927 2196 274.
943 2162 1026 2194 Nam
1050 2164 1142 2202 pater
1167 2162 1233 2193 eius
1258 2162 1438 2202 Zacharias,

944 2211 991 2243 Ut
1016 2209 1134 2241 dictum
1161 2212 1219 2249 est,
1245 2208 1349 2240 Abiae
1374 2210 1441 2241 vias

990 2257 1131 2297 Sequens
1155 2257 1189 2288 in
1213 2256 1403 2296 sacerdotio,

942 2305 987 2337 Ut
996 2305 1099 2337 Deum
1111 2303 1226 2336 fortem
1241 2306 1273 2335 et
1282 2304 1469 2336 immensum

940 2351 1123 2392 Proflectat,
1137 2351 1282 2384 immolat
1292 2351 1464 2391 incensum,

987 2399 1034 2433 Ut
1058 2399 1154 2439 exigit
1181 2398 1317 2431 devotio.

1264 2452 1297 2481 15
