<?xml version="1.0" encoding="UTF-8"?>
<!DOCTYPE html PUBLIC "-//W3C//DTD XHTML 1.0 Transitional//EN"
    "http://www.w3.org/TR/xhtml1/DTD/xhtml1-transitional.dtd">
<html xmlns="http://www.w3.org/1999/xhtml" xml:lang="en" lang="en">
 <head>
  <title>
</title>
<meta http-equiv="Content-Type" content="text/html;charset=utf-8" />
  <meta name='ocr-system' content='tesseract 3.04.00' />
  <meta name='ocr-capabilities' content='ocr_page ocr_carea ocr_par ocr_line ocrx_word'/>
</head>
<body>
  <div class='ocr_page' id='page_1' title='image "./analectahymnica29drevuoft_00185.png"; bbox 0 0 1655 2573; ppageno 0'>
   <div class='ocr_carea' id='block_1_1' title="bbox 717 160 1076 282">
    <p class='ocr_par' dir='ltr' id='par_1_1' title="bbox 717 160 1076 282">
     <span class='ocr_line' id='line_1_1' title="bbox 767 160 1023 195; baseline -0.004 0"><span class='ocrx_word' id='word_1_1' title='bbox 767 179 810 185; x_wconf 92' lang='lat'>—</span> <span class='ocrx_word' id='word_1_2' title='bbox 861 160 929 195; x_wconf 80' lang='lat'>182</span> <span class='ocrx_word' id='word_1_3' title='bbox 975 178 1023 183; x_wconf 91' lang='lat'>—-</span> 
     </span>
     <span class='ocr_line' id='line_1_2' title="bbox 717 249 1076 282; baseline -0.008 0"><span class='ocrx_word' id='word_1_4' title='bbox 717 251 780 282; x_wconf 86' lang='lat'>336.</span> <span class='ocrx_word' id='word_1_5' title='bbox 810 251 853 282; x_wconf 81' lang='lat' dir='ltr'>Do</span> <span class='ocrx_word' id='word_1_6' title='bbox 869 251 975 281; x_wconf 80' lang='lat' dir='ltr'>saneto</span> <span class='ocrx_word' id='word_1_7' title='bbox 995 249 1076 280; x_wconf 82' lang='lat' dir='ltr'>Vito.</span> 
     </span>
    </p>
   </div>
   <div class='ocr_carea' id='block_1_2' title="bbox 348 317 1456 364">
    <p class='ocr_par' dir='ltr' id='par_1_2' title="bbox 348 317 1456 364">
     <span class='ocr_line' id='line_1_3' title="bbox 348 317 1456 364; baseline -0.005 -10"><span class='ocrx_word' id='word_1_8' title='bbox 348 322 467 364; x_wconf 80' lang='lat' dir='ltr'>Gaude,</span> <span class='ocrx_word' id='word_1_9' title='bbox 493 324 614 362; x_wconf 79' lang='lat' dir='ltr'><strong>martyr</strong></span> <span class='ocrx_word' id='word_1_10' title='bbox 637 324 745 353; x_wconf 81' lang='lat' dir='ltr'>sanc-te</span> <span class='ocrx_word' id='word_1_11' title='bbox 769 320 851 360; x_wconf 84' lang='lat' dir='ltr'>Vite,</span> <span class='ocrx_word' id='word_1_12' title='bbox 1014 318 1132 350; x_wconf 81' lang='lat' dir='ltr'>Evolas</span> <span class='ocrx_word' id='word_1_13' title='bbox 1157 317 1310 349; x_wconf 86' lang='lat' dir='ltr'>virtutum</span> <span class='ocrx_word' id='word_1_14' title='bbox 1333 317 1456 360; x_wconf 83' lang='lat' dir='ltr'>pennis,</span> 
     </span>
    </p>
   </div>
   <div class='ocr_carea' id='block_1_3' title="bbox 262 365 1540 825">
    <p class='ocr_par' dir='ltr' id='par_1_3' title="bbox 345 365 1540 500">
     <span class='ocr_line' id='line_1_4' title="bbox 346 365 1540 409; baseline -0.004 -9"><span class='ocrx_word' id='word_1_15' title='bbox 346 369 469 408; x_wconf 84' lang='lat' dir='ltr'>Septem</span> <span class='ocrx_word' id='word_1_16' title='bbox 500 369 619 408; x_wconf 85' lang='lat' dir='ltr'>angelis</span> <span class='ocrx_word' id='word_1_17' title='bbox 642 368 769 409; x_wconf 82' lang='lat' dir='ltr'>munite,</span> <span class='ocrx_word' id='word_1_18' title='bbox 1013 365 1098 396; x_wconf 87' lang='lat' dir='ltr'>Hinc</span> <span class='ocrx_word' id='word_1_19' title='bbox 1107 373 1142 396; x_wconf 87' lang='lat' dir='ltr'>se</span> <span class='ocrx_word' id='word_1_20' title='bbox 1154 365 1269 396; x_wconf 82' lang='lat' dir='ltr'>victum</span> <span class='ocrx_word' id='word_1_21' title='bbox 1279 366 1540 398; x_wconf 80' lang='lat' dir='ltr'>Caesarmaestus</span> 
     </span>
     <span class='ocr_line' id='line_1_5' title="bbox 347 413 1483 455; baseline -0.004 -9"><span class='ocrx_word' id='word_1_22' title='bbox 347 417 383 448; x_wconf 90' lang='lat' dir='ltr'>In</span> <span class='ocrx_word' id='word_1_23' title='bbox 408 418 511 446; x_wconf 79' lang='lat' dir='ltr'>aetate</span> <span class='ocrx_word' id='word_1_24' title='bbox 534 415 649 455; x_wconf 80' lang='lat' dir='ltr'>puerili</span> <span class='ocrx_word' id='word_1_25' title='bbox 1013 413 1043 443; x_wconf 91' lang='lat' dir='ltr'>A</span> <span class='ocrx_word' id='word_1_26' title='bbox 1068 420 1166 451; x_wconf 86' lang='lat' dir='ltr'>puero</span> <span class='ocrx_word' id='word_1_27' title='bbox 1193 414 1244 442; x_wconf 83' lang='lat' dir='ltr'>est</span> <span class='ocrx_word' id='word_1_28' title='bbox 1266 414 1483 451; x_wconf 85' lang='lat' dir='ltr'>conquaestus.</span> 
     </span>
     <span class='ocr_line' id='line_1_6' title="bbox 345 458 1353 500; baseline -0.003 -8"><span class='ocrx_word' id='word_1_29' title='bbox 345 461 452 493; x_wconf 79' lang='lat' dir='ltr'>Mente</span> <span class='ocrx_word' id='word_1_30' title='bbox 477 461 583 500; x_wconf 85' lang='lat' dir='ltr'>vigens</span> <span class='ocrx_word' id='word_1_31' title='bbox 608 464 672 491; x_wconf 87' lang='lat' dir='ltr'>tam</span> <span class='ocrx_word' id='word_1_32' title='bbox 696 459 790 500; x_wconf 83' lang='lat' dir='ltr'>virili,</span> <span class='ocrx_word' id='word_1_33' title='bbox 934 458 988 491; x_wconf 87' lang='lat'>15.</span> <span class='ocrx_word' id='word_1_34' title='bbox 1014 458 1110 490; x_wconf 87' lang='lat' dir='ltr'>Mane</span> <span class='ocrx_word' id='word_1_35' title='bbox 1134 460 1169 489; x_wconf 83' lang='lat' dir='ltr'>tu</span> <span class='ocrx_word' id='word_1_36' title='bbox 1194 459 1353 498; x_wconf 74' lang='lat' dir='ltr'><strong>evigilasti</strong></span> 
     </span>
    </p>

    <p class='ocr_par' dir='ltr' id='par_1_4' title="bbox 289 504 1538 733">
     <span class='ocr_line' id='line_1_7' title="bbox 289 504 1537 545; baseline -0.004 -5"><span class='ocrx_word' id='word_1_37' title='bbox 289 510 319 540; x_wconf 79' lang='lat'>5.</span> <span class='ocrx_word' id='word_1_38' title='bbox 345 507 434 545; x_wconf 77' lang='lat' dir='ltr'>Quod</span> <span class='ocrx_word' id='word_1_39' title='bbox 459 516 478 537; x_wconf 89' lang='lat' dir='ltr'>a</span> <span class='ocrx_word' id='word_1_40' title='bbox 502 507 569 538; x_wconf 84' lang='lat' dir='ltr'>Deo</span> <span class='ocrx_word' id='word_1_41' title='bbox 595 506 682 537; x_wconf 87' lang='lat' dir='ltr'>nulla</span> <span class='ocrx_word' id='word_1_42' title='bbox 705 514 807 545; x_wconf 83' lang='lat' dir='ltr'>poena</span> <span class='ocrx_word' id='word_1_43' title='bbox 1012 505 1066 536; x_wconf 90' lang='lat' dir='ltr'>Ad</span> <span class='ocrx_word' id='word_1_44' title='bbox 1084 504 1196 544; x_wconf 90' lang='lat' dir='ltr'>Deum,</span> <span class='ocrx_word' id='word_1_45' title='bbox 1223 513 1314 544; x_wconf 91' lang='lat' dir='ltr'>quem</span> <span class='ocrx_word' id='word_1_46' title='bbox 1335 505 1537 544; x_wconf 80' lang='lat' dir='ltr'>praeamasti.</span> 
     </span>
     <span class='ocr_line' id='line_1_8' title="bbox 343 551 1538 591; baseline -0.002 -7"><span class='ocrx_word' id='word_1_47' title='bbox 343 553 450 584; x_wconf 82' lang='lat' dir='ltr'>Flexit</span> <span class='ocrx_word' id='word_1_48' title='bbox 472 556 504 583; x_wconf 79' lang='lat' dir='ltr'>te</span> <span class='ocrx_word' id='word_1_49' title='bbox 528 561 587 583; x_wconf 85' lang='lat' dir='ltr'>nee</span> <span class='ocrx_word' id='word_1_50' title='bbox 610 561 661 583; x_wconf 88' lang='lat' dir='ltr'>res</span> <span class='ocrx_word' id='word_1_51' title='bbox 686 560 825 583; x_wconf 85' lang='lat' dir='ltr'>amoena.</span> <span class='ocrx_word' id='word_1_52' title='bbox 1012 551 1080 583; x_wconf 79' lang='lat' dir='ltr'>Fac</span> <span class='ocrx_word' id='word_1_53' title='bbox 1095 560 1155 590; x_wconf 86' lang='lat' dir='ltr'>me,</span> <span class='ocrx_word' id='word_1_54' title='bbox 1177 555 1300 591; x_wconf 85' lang='lat' dir='ltr'><strong>martyr</strong></span> <span class='ocrx_word' id='word_1_55' title='bbox 1319 551 1437 583; x_wconf 84' lang='lat' dir='ltr'><strong>Christi</strong></span> <span class='ocrx_word' id='word_1_56' title='bbox 1455 559 1538 591; x_wconf 80' lang='lat' dir='ltr'><strong>care,</strong></span> 
     </span>
     <span class='ocr_line' id='line_1_9' title="bbox 344 598 1388 638; baseline 0 -9"><span class='ocrx_word' id='word_1_57' title='bbox 344 599 455 630; x_wconf 83' lang='lat' dir='ltr'>Vincla</span> <span class='ocrx_word' id='word_1_58' title='bbox 477 599 632 638; x_wconf 86' lang='lat' dir='ltr'>ollamque</span> <span class='ocrx_word' id='word_1_59' title='bbox 655 599 815 630; x_wconf 73' lang='lat' dir='ltr'><strong>ardentem</strong></span> <span class='ocrx_word' id='word_1_60' title='bbox 1013 598 1144 638; x_wconf 86' lang='lat' dir='ltr'><strong>Semper</strong></span> <span class='ocrx_word' id='word_1_61' title='bbox 1167 599 1214 630; x_wconf 80' lang='lat' dir='ltr'>sie</span> <span class='ocrx_word' id='word_1_62' title='bbox 1238 599 1388 638; x_wconf 85' lang='lat' dir='ltr'>evigilare</span> 
     </span>
     <span class='ocr_line' id='line_1_10' title="bbox 342 645 1438 687; baseline 0 -11"><span class='ocrx_word' id='word_1_63' title='bbox 342 645 386 676; x_wconf 75' lang='lat' dir='ltr'>Et</span> <span class='ocrx_word' id='word_1_64' title='bbox 408 646 530 676; x_wconf 86' lang='lat' dir='ltr'>leonem</span> <span class='ocrx_word' id='word_1_65' title='bbox 552 645 741 676; x_wconf 87' lang='lat' dir='ltr'>saevientem</span> <span class='ocrx_word' id='word_1_66' title='bbox 1011 645 1064 677; x_wconf 89' lang='lat' dir='ltr'>Ad</span> <span class='ocrx_word' id='word_1_67' title='bbox 1088 645 1222 677; x_wconf 85' lang='lat' dir='ltr'>virtutes</span> <span class='ocrx_word' id='word_1_68' title='bbox 1247 645 1316 676; x_wconf 90' lang='lat' dir='ltr'>sine</span> <span class='ocrx_word' id='word_1_69' title='bbox 1339 654 1438 687; x_wconf 81' lang='lat' dir='ltr'>mora,</span> 
     </span>
     <span class='ocr_line' id='line_1_11' title="bbox 342 691 1444 733; baseline 0.001 -11"><span class='ocrx_word' id='word_1_70' title='bbox 342 691 504 730; x_wconf 85' lang='lat' dir='ltr'>Superasti</span> <span class='ocrx_word' id='word_1_71' title='bbox 529 700 597 723; x_wconf 80' lang='lat' dir='ltr'>cum</span> <span class='ocrx_word' id='word_1_72' title='bbox 623 694 752 729; x_wconf 77' lang='lat' dir='ltr'>catasta,</span> <span class='ocrx_word' id='word_1_73' title='bbox 929 693 983 725; x_wconf 84' lang='lat'>20.</span> <span class='ocrx_word' id='word_1_74' title='bbox 1010 692 1093 724; x_wconf 89' lang='lat' dir='ltr'>Dum</span> <span class='ocrx_word' id='word_1_75' title='bbox 1118 692 1228 724; x_wconf 78' lang='lat' dir='ltr'>salutis</span> <span class='ocrx_word' id='word_1_76' title='bbox 1253 692 1333 723; x_wconf 85' lang='lat' dir='ltr'>assit</span> <span class='ocrx_word' id='word_1_77' title='bbox 1355 692 1444 733; x_wconf 81' lang='lat' dir='ltr'>hora,</span> 
     </span>
    </p>

    <p class='ocr_par' dir='ltr' id='par_1_5' title="bbox 262 738 1536 825">
     <span class='ocr_line' id='line_1_12' title="bbox 262 738 1508 778; baseline 0 -8"><span class='ocrx_word' id='word_1_78' title='bbox 262 739 315 771; x_wconf 90' lang='lat'>10.</span> <span class='ocrx_word' id='word_1_79' title='bbox 342 738 408 775; x_wconf 69' lang='lat' dir='ltr'>Qua</span> <span class='ocrx_word' id='word_1_80' title='bbox 425 741 498 769; x_wconf 82' lang='lat' dir='ltr'>sunt</span> <span class='ocrx_word' id='word_1_81' title='bbox 510 741 600 770; x_wconf 88' lang='lat' dir='ltr'>tensa</span> <span class='ocrx_word' id='word_1_82' title='bbox 611 739 752 770; x_wconf 81' lang='lat' dir='ltr'><strong>membra</strong></span> <span class='ocrx_word' id='word_1_83' title='bbox 764 740 858 772; x_wconf 77' lang='lat' dir='ltr'>easta.</span> <span class='ocrx_word' id='word_1_84' title='bbox 1011 739 1057 771; x_wconf 87' lang='lat' dir='ltr'>Ut</span> <span class='ocrx_word' id='word_1_85' title='bbox 1080 739 1187 770; x_wconf 88' lang='lat' dir='ltr'>statim</span> <span class='ocrx_word' id='word_1_86' title='bbox 1211 742 1283 778; x_wconf 87' lang='lat' dir='ltr'>post</span> <span class='ocrx_word' id='word_1_87' title='bbox 1309 740 1508 778; x_wconf 83' lang='lat' dir='ltr'>exspiramen</span> 
     </span>
     <span class='ocr_line' id='line_1_13' title="bbox 342 783 1536 825; baseline 0.003 -10"><span class='ocrx_word' id='word_1_88' title='bbox 342 783 394 815; x_wconf 85' lang='lat' dir='ltr'>Sic</span> <span class='ocrx_word' id='word_1_89' title='bbox 418 787 451 816; x_wconf 83' lang='lat' dir='ltr'>tu</span> <span class='ocrx_word' id='word_1_90' title='bbox 476 793 554 824; x_wconf 86' lang='lat' dir='ltr'><strong>puer</strong></span> <span class='ocrx_word' id='word_1_91' title='bbox 580 785 754 817; x_wconf 81' lang='lat' dir='ltr'>duodennis</span> <span class='ocrx_word' id='word_1_92' title='bbox 1011 785 1131 825; x_wconf 84' lang='lat' dir='ltr'>Sequar</span> <span class='ocrx_word' id='word_1_93' title='bbox 1154 789 1188 817; x_wconf 86' lang='lat' dir='ltr'>te</span> <span class='ocrx_word' id='word_1_94' title='bbox 1208 786 1242 817; x_wconf 88' lang='lat' dir='ltr'>in</span> <span class='ocrx_word' id='word_1_95' title='bbox 1261 787 1391 819; x_wconf 83' lang='lat' dir='ltr'>caelum.</span> <span class='ocrx_word' id='word_1_96' title='bbox 1421 786 1536 819; x_wconf 88' lang='lat' dir='ltr'>Amen.</span> 
     </span>
    </p>
   </div>
   <div class='ocr_carea' id='block_1_4' title="bbox 323 847 1321 885">
    <p class='ocr_par' dir='ltr' id='par_1_6' title="bbox 323 847 1321 885">
     <span class='ocr_line' id='line_1_14' title="bbox 323 847 1321 885; baseline 0.002 -10"><span class='ocrx_word' id='word_1_97' title='bbox 323 848 402 875; x_wconf 76' lang='lat' dir='ltr'>Orat.</span> <span class='ocrx_word' id='word_1_98' title='bbox 422 856 474 874; x_wconf 83' lang='lat' dir='ltr'>ms.</span> <span class='ocrx_word' id='word_1_99' title='bbox 495 848 678 875; x_wconf 68' lang='lat' dir='ltr'>Carthusian.</span> <span class='ocrx_word' id='word_1_100' title='bbox 701 856 775 875; x_wconf 82' lang='lat' dir='ltr'>saec.</span> <span class='ocrx_word' id='word_1_101' title='bbox 799 847 842 876; x_wconf 86' lang='lat'>15.</span> <span class='ocrx_word' id='word_1_102' title='bbox 883 849 952 876; x_wconf 82' lang='lat' dir='ltr'>God.</span> <span class='ocrx_word' id='word_1_103' title='bbox 974 849 1067 885; x_wconf 83' lang='lat' dir='ltr'><strong>Capit.</strong></span> <span class='ocrx_word' id='word_1_104' title='bbox 1087 851 1236 877; x_wconf 82' lang='lat' dir='ltr'><strong>Treviren.</strong></span> <span class='ocrx_word' id='word_1_105' title='bbox 1259 848 1321 877; x_wconf 87' lang='lat'>116.</span> 
     </span>
    </p>
   </div>
   <div class='ocr_carea' id='block_1_5' title="bbox 652 957 1117 999">
    <p class='ocr_par' dir='ltr' id='par_1_7' title="bbox 652 957 1117 999">
     <span class='ocr_line' id='line_1_15' title="bbox 652 957 1117 999; baseline 0.006 -12"><span class='ocrx_word' id='word_1_106' title='bbox 652 957 716 988; x_wconf 84' lang='lat'>337.</span> <span class='ocrx_word' id='word_1_107' title='bbox 746 957 790 988; x_wconf 81' lang='lat' dir='ltr'>De</span> <span class='ocrx_word' id='word_1_108' title='bbox 809 958 919 989; x_wconf 77' lang='lat' dir='ltr'>saneta</span> <span class='ocrx_word' id='word_1_109' title='bbox 935 958 1117 999; x_wconf 83' lang='lat' dir='ltr'>Walburga.</span> 
     </span>
    </p>
   </div>
   <div class='ocr_carea' id='block_1_6' title="bbox 255 1024 1456 1489">
    <p class='ocr_par' dir='ltr' id='par_1_8' title="bbox 255 1024 1456 1489">
     <span class='ocr_line' id='line_1_16' title="bbox 338 1024 1438 1070; baseline 0.005 -15"><span class='ocrx_word' id='word_1_110' title='bbox 338 1024 361 1056; x_wconf 95' lang='lat' dir='ltr'>O</span> <span class='ocrx_word' id='word_1_111' title='bbox 387 1033 478 1056; x_wconf 85' lang='lat' dir='ltr'>sacra</span> <span class='ocrx_word' id='word_1_112' title='bbox 503 1026 589 1065; x_wconf 87' lang='lat' dir='ltr'>virgo</span> <span class='ocrx_word' id='word_1_113' title='bbox 614 1026 798 1067; x_wconf 82' lang='lat' dir='ltr'>Walburga,</span> <span class='ocrx_word' id='word_1_114' title='bbox 1012 1028 1085 1069; x_wconf 87' lang='lat' dir='ltr'>Spe,</span> <span class='ocrx_word' id='word_1_115' title='bbox 1116 1029 1249 1061; x_wconf 82' lang='lat' dir='ltr'>caritate</span> <span class='ocrx_word' id='word_1_116' title='bbox 1273 1029 1438 1070; x_wconf 73' lang='lat' dir='ltr'>excitatus,</span> 
     </span>
     <span class='ocr_line' id='line_1_17' title="bbox 338 1071 1416 1116; baseline 0.006 -14"><span class='ocrx_word' id='word_1_117' title='bbox 338 1071 367 1102; x_wconf 90' lang='lat' dir='ltr'>A</span> <span class='ocrx_word' id='word_1_118' title='bbox 391 1072 531 1110; x_wconf 81' lang='lat' dir='ltr'>peccatis</span> <span class='ocrx_word' id='word_1_119' title='bbox 555 1075 691 1103; x_wconf 81' lang='lat' dir='ltr'><strong>mentem</strong></span> <span class='ocrx_word' id='word_1_120' title='bbox 715 1082 825 1113; x_wconf 85' lang='lat' dir='ltr'><strong>purga,</strong></span> <span class='ocrx_word' id='word_1_121' title='bbox 1010 1076 1078 1107; x_wconf 84' lang='lat' dir='ltr'>Tua</span> <span class='ocrx_word' id='word_1_122' title='bbox 1096 1084 1193 1115; x_wconf 86' lang='lat' dir='ltr'><strong>prece</strong></span> <span class='ocrx_word' id='word_1_123' title='bbox 1214 1075 1283 1107; x_wconf 89' lang='lat' dir='ltr'>Deo</span> <span class='ocrx_word' id='word_1_124' title='bbox 1308 1079 1416 1116; x_wconf 81' lang='lat' dir='ltr'>gratus</span> 
     </span>
     <span class='ocr_line' id='line_1_18' title="bbox 339 1118 1382 1163; baseline 0.006 -15"><span class='ocrx_word' id='word_1_125' title='bbox 339 1118 399 1149; x_wconf 89' lang='lat' dir='ltr'>Pro</span> <span class='ocrx_word' id='word_1_126' title='bbox 412 1118 503 1149; x_wconf 89' lang='lat' dir='ltr'>nobis</span> <span class='ocrx_word' id='word_1_127' title='bbox 518 1119 676 1151; x_wconf 85' lang='lat' dir='ltr'>Christum</span> <span class='ocrx_word' id='word_1_128' title='bbox 687 1120 858 1160; x_wconf 83' lang='lat' dir='ltr'><strong>deprecare</strong></span> <span class='ocrx_word' id='word_1_129' title='bbox 1010 1122 1195 1161; x_wconf 81' lang='lat' dir='ltr'>Voluptates</span> <span class='ocrx_word' id='word_1_130' title='bbox 1219 1131 1382 1163; x_wconf 80' lang='lat' dir='ltr'><strong>spernere,</strong></span> 
     </span>
     <span class='ocr_line' id='line_1_19' title="bbox 337 1163 1456 1209; baseline 0.007 -15"><span class='ocrx_word' id='word_1_131' title='bbox 337 1163 382 1195; x_wconf 82' lang='lat' dir='ltr'>Et</span> <span class='ocrx_word' id='word_1_132' title='bbox 404 1167 470 1196; x_wconf 88' lang='lat' dir='ltr'>toto</span> <span class='ocrx_word' id='word_1_133' title='bbox 497 1166 592 1196; x_wconf 84' lang='lat' dir='ltr'><strong>corde</strong></span> <span class='ocrx_word' id='word_1_134' title='bbox 616 1164 668 1197; x_wconf 78' lang='lat' dir='ltr'>fac</span> <span class='ocrx_word' id='word_1_135' title='bbox 692 1175 799 1198; x_wconf 85' lang='lat' dir='ltr'>amare</span> <span class='ocrx_word' id='word_1_136' title='bbox 1010 1168 1167 1200; x_wconf 83' lang='lat' dir='ltr'>Christum</span> <span class='ocrx_word' id='word_1_137' title='bbox 1193 1178 1300 1209; x_wconf 86' lang='lat' dir='ltr'><strong>regem</strong></span> <span class='ocrx_word' id='word_1_138' title='bbox 1325 1179 1456 1202; x_wconf 86' lang='lat' dir='ltr'><strong>cernere</strong></span> 
     </span>
     <span class='ocr_line' id='line_1_20' title="bbox 280 1210 1374 1254; baseline 0.006 -13"><span class='ocrx_word' id='word_1_139' title='bbox 280 1211 309 1242; x_wconf 88' lang='lat'>5.</span> <span class='ocrx_word' id='word_1_140' title='bbox 336 1210 437 1241; x_wconf 87' lang='lat' dir='ltr'>Deum</span> <span class='ocrx_word' id='word_1_141' title='bbox 461 1215 585 1250; x_wconf 81' lang='lat' dir='ltr'>patrem</span> <span class='ocrx_word' id='word_1_142' title='bbox 611 1221 679 1244; x_wconf 90' lang='lat' dir='ltr'>cum</span> <span class='ocrx_word' id='word_1_143' title='bbox 704 1212 769 1245; x_wconf 89' lang='lat' dir='ltr'>filio</span> <span class='ocrx_word' id='word_1_144' title='bbox 928 1216 981 1249; x_wconf 87' lang='lat'>15.</span> <span class='ocrx_word' id='word_1_145' title='bbox 1011 1215 1088 1247; x_wconf 83' lang='lat' dir='ltr'>Cum</span> <span class='ocrx_word' id='word_1_146' title='bbox 1110 1216 1252 1254; x_wconf 78' lang='lat' dir='ltr'>spiritali</span> <span class='ocrx_word' id='word_1_147' title='bbox 1275 1216 1374 1248; x_wconf 90' lang='lat' dir='ltr'>iubilo</span> 
     </span>
     <span class='ocr_line' id='line_1_21' title="bbox 336 1256 1389 1303; baseline 0.007 -15"><span class='ocrx_word' id='word_1_148' title='bbox 336 1257 374 1288; x_wconf 88' lang='lat' dir='ltr'>In</span> <span class='ocrx_word' id='word_1_149' title='bbox 397 1256 497 1289; x_wconf 87' lang='lat' dir='ltr'>flebili</span> <span class='ocrx_word' id='word_1_150' title='bbox 522 1259 643 1299; x_wconf 85' lang='lat' dir='ltr'>exsilio,</span> <span class='ocrx_word' id='word_1_151' title='bbox 1006 1262 1051 1293; x_wconf 82' lang='lat' dir='ltr'>Et</span> <span class='ocrx_word' id='word_1_152' title='bbox 1073 1271 1194 1294; x_wconf 89' lang='lat' dir='ltr'>summo</span> <span class='ocrx_word' id='word_1_153' title='bbox 1221 1263 1389 1303; x_wconf 84' lang='lat' dir='ltr'>desiderio,</span> 
     </span>
     <span class='ocr_line' id='line_1_22' title="bbox 336 1303 1399 1350; baseline 0.008 -16"><span class='ocrx_word' id='word_1_154' title='bbox 336 1303 379 1335; x_wconf 84' lang='lat' dir='ltr'>Ut</span> <span class='ocrx_word' id='word_1_155' title='bbox 403 1313 460 1342; x_wconf 88' lang='lat' dir='ltr'>pro</span> <span class='ocrx_word' id='word_1_156' title='bbox 487 1305 611 1336; x_wconf 77' lang='lat' dir='ltr'>delictis</span> <span class='ocrx_word' id='word_1_157' title='bbox 637 1306 692 1337; x_wconf 81' lang='lat' dir='ltr'>det</span> <span class='ocrx_word' id='word_1_158' title='bbox 715 1307 839 1338; x_wconf 85' lang='lat' dir='ltr'>veniam</span> <span class='ocrx_word' id='word_1_159' title='bbox 1007 1309 1157 1341; x_wconf 87' lang='lat' dir='ltr'>Odientes</span> <span class='ocrx_word' id='word_1_160' title='bbox 1181 1318 1232 1340; x_wconf 89' lang='lat' dir='ltr'>me</span> <span class='ocrx_word' id='word_1_161' title='bbox 1258 1310 1399 1350; x_wconf 85' lang='lat' dir='ltr'>diligere,</span> 
     </span>
     <span class='ocr_line' id='line_1_23' title="bbox 333 1349 1436 1399; baseline 0.008 -19"><span class='ocrx_word' id='word_1_162' title='bbox 333 1349 376 1380; x_wconf 85' lang='lat' dir='ltr'>Et</span> <span class='ocrx_word' id='word_1_163' title='bbox 401 1352 483 1382; x_wconf 78' lang='lat' dir='ltr'>sacri</span> <span class='ocrx_word' id='word_1_164' title='bbox 507 1352 639 1390; x_wconf 83' lang='lat' dir='ltr'>spiritus</span> <span class='ocrx_word' id='word_1_165' title='bbox 664 1353 806 1393; x_wconf 80' lang='lat' dir='ltr'>gratiam,</span> <span class='ocrx_word' id='word_1_166' title='bbox 1007 1356 1113 1388; x_wconf 81' lang='lat' dir='ltr'>Vitam</span> <span class='ocrx_word' id='word_1_167' title='bbox 1141 1365 1243 1388; x_wconf 88' lang='lat' dir='ltr'>meam</span> <span class='ocrx_word' id='word_1_168' title='bbox 1269 1358 1436 1399; x_wconf 82' lang='lat' dir='ltr'><strong>corrigere,</strong></span> 
     </span>
     <span class='ocr_line' id='line_1_24' title="bbox 335 1396 1373 1443; baseline 0.009 -16"><span class='ocrx_word' id='word_1_169' title='bbox 335 1396 395 1427; x_wconf 83' lang='lat' dir='ltr'><strong>Per</strong></span> <span class='ocrx_word' id='word_1_170' title='bbox 423 1406 515 1436; x_wconf 82' lang='lat' dir='ltr'>quam</span> <span class='ocrx_word' id='word_1_171' title='bbox 539 1397 618 1429; x_wconf 86' lang='lat' dir='ltr'>fides</span> <span class='ocrx_word' id='word_1_172' title='bbox 642 1399 836 1443; x_wconf 81' lang='lat' dir='ltr'>purificetur,</span> <span class='ocrx_word' id='word_1_173' title='bbox 1004 1402 1049 1434; x_wconf 80' lang='lat' dir='ltr'>Ut</span> <span class='ocrx_word' id='word_1_174' title='bbox 1072 1405 1126 1434; x_wconf 85' lang='lat' dir='ltr'>tuo</span> <span class='ocrx_word' id='word_1_175' title='bbox 1152 1404 1373 1443; x_wconf 83' lang='lat' dir='ltr'>deprecamine</span> 
     </span>
     <span class='ocr_line' id='line_1_25' title="bbox 255 1443 1394 1489; baseline 0.007 -14"><span class='ocrx_word' id='word_1_176' title='bbox 255 1443 309 1475; x_wconf 92' lang='lat'>10.</span> <span class='ocrx_word' id='word_1_177' title='bbox 336 1443 467 1474; x_wconf 84' lang='lat' dir='ltr'>Vetusta</span> <span class='ocrx_word' id='word_1_178' title='bbox 487 1453 574 1475; x_wconf 85' lang='lat' dir='ltr'>mens</span> <span class='ocrx_word' id='word_1_179' title='bbox 599 1447 631 1476; x_wconf 89' lang='lat' dir='ltr'>te</span> <span class='ocrx_word' id='word_1_180' title='bbox 651 1450 829 1489; x_wconf 82' lang='lat' dir='ltr'><strong>renovetur,</strong></span> <span class='ocrx_word' id='word_1_181' title='bbox 924 1450 978 1481; x_wconf 83' lang='lat'>20.</span> <span class='ocrx_word' id='word_1_182' title='bbox 1006 1448 1119 1481; x_wconf 86' lang='lat' dir='ltr'><strong>Salvar</strong></span> <span class='ocrx_word' id='word_1_183' title='bbox 1143 1451 1216 1482; x_wconf 91' lang='lat' dir='ltr'>Iesu</span> <span class='ocrx_word' id='word_1_184' title='bbox 1241 1452 1394 1484; x_wconf 81' lang='lat' dir='ltr'>examine.</span> 
     </span>
    </p>
   </div>
   <div class='ocr_carea' id='block_1_7' title="bbox 320 1506 1315 1548">
    <p class='ocr_par' dir='ltr' id='par_1_9' title="bbox 320 1506 1315 1548">
     <span class='ocr_line' id='line_1_26' title="bbox 320 1506 1315 1548; baseline 0.009 -14"><span class='ocrx_word' id='word_1_185' title='bbox 320 1506 399 1534; x_wconf 77' lang='lat' dir='ltr'>Orat.</span> <span class='ocrx_word' id='word_1_186' title='bbox 418 1515 471 1534; x_wconf 84' lang='lat' dir='ltr'>ms.</span> <span class='ocrx_word' id='word_1_187' title='bbox 493 1507 675 1535; x_wconf 80' lang='lat' dir='ltr'>Oai-thusian.</span> <span class='ocrx_word' id='word_1_188' title='bbox 696 1517 770 1537; x_wconf 82' lang='lat' dir='ltr'>saec.</span> <span class='ocrx_word' id='word_1_189' title='bbox 795 1509 838 1538; x_wconf 84' lang='lat'>15.</span> <span class='ocrx_word' id='word_1_190' title='bbox 879 1511 947 1539; x_wconf 82' lang='lat' dir='ltr'>cod.</span> <span class='ocrx_word' id='word_1_191' title='bbox 969 1514 1063 1548; x_wconf 72' lang='lat' dir='ltr'>Capit.</span> <span class='ocrx_word' id='word_1_192' title='bbox 1082 1514 1229 1542; x_wconf 82' lang='lat' dir='ltr'><strong>Treviren.</strong></span> <span class='ocrx_word' id='word_1_193' title='bbox 1252 1514 1315 1543; x_wconf 89' lang='grc'>116.</span> 
     </span>
    </p>
   </div>
  </div>
 </body>
</html>
