1655 2573
737 144 991 181 -218-

334 247 554 291 Nam-antibus,
585 244 668 285 quod
691 244 731 275 sit
756 251 829 282 pro-

612 292 718 332 pheta,

342 343 537 382 cognoscens
560 339 637 379 legis
656 340 685 369 et
705 337 831 368 decreta

385 387 539 420 maternis
561 386 594 416 in
618 383 799 417 visceribus

237 474 316 506 170.
341 471 405 503 Sed
424 479 514 502 carus
530 473 602 501 tuus
618 469 667 500 vir
682 467 832 506 piscator,

338 518 395 549 Vir
418 517 527 555 idiota,
557 516 722 554 reparator

381 564 442 595 Est
465 563 662 602 antiquorum
686 560 809 600 retium,

339 611 377 642 In
402 610 480 641 mari
505 610 608 648 pisces
635 607 787 646 capiendo

339 657 383 689 Et
406 656 486 688 retia
509 653 678 687 reficiendo

388 703 582 742 Conquirens
591 702 682 741 panis
689 700 834 740 pretium.

236 788 315 821 171.
337 786 520 827 Respondet
527 794 601 826 pars
609 784 833 824 evangelistae:

340 834 411 874 Dic,
428 833 469 865 acl
482 833 555 872 quid
571 840 672 864 sermo
686 829 838 861 valetiste

390 880 450 912 Seu
469 880 585 911 clamor
601 877 836 916 incompositus,

345 926 418 958 Cum
434 934 523 957 carus
532 933 618 956 meus
627 933 690 956 non
699 924 837 964 ignarus,

345 974 406 1005 Sed
448 972 561 1004 sciolus
606 971 648 1002 sit
687 970 837 1009 prudens,

619 1026 743 1057 gnarus,

391 1067 447 1098 Vir
471 1066 578 1105 utique
603 1063 802 1103 compositus.

242 1143 319 1174 172.
343 1141 412 1181 Vir,
439 1141 486 1172 cui
512 1148 620 1172 sensus
639 1141 686 1170 est
702 1139 839 1177 apertus,

346 1188 389 1219 Et
400 1189 432 1219 in
447 1187 612 1227 scripturis
622 1187 671 1218 vir
681 1193 739 1225 exp
744 1187 839 1223 crtus,

393 1235 492 1272 Quem
516 1233 620 1273 aperit
643 1232 814 1264 altissimus

345 1281 493 1313 Divinum
510 1279 623 1312 flamen
640 1277 840 1319 insufflando,

343 1328 388 1360 Ut
412 1327 517 1359 scriba
538 1328 648 1359 doctus
666 1324 826 1357 exarando

395 1374 444 1406 Sit
466 1374 527 1405 iste
550 1372 774 1406 velocissimus.

245 1450 323 1483 173.
350 1449 403 1481 Sic
415 1457 517 1481 meum
536 1457 590 1480 cur
599 1448 723 1479 incusas
738 1455 843 1479 carum

348 1495 393 1527 Ut
415 1497 517 1527 minus
551 1496 675 1527 doctum
708 1494 843 1533 scriptu-

621 1550 727 1573 rarum

396 1589 443 1620 De
469 1587 617 1620 facultate
640 1592 757 1625 tenera,

350 1636 387 1667 In
411 1643 466 1667 ore
490 1636 576 1667 cuius
601 1636 758 1666 variarum

351 1683 428 1715 Cum
447 1682 598 1714 idiomate
621 1682 798 1722 linguarum

391 1729 571 1761 Nascuntur
577 1728 703 1767 quaevis
709 1736 825 1767 genera
830 1725 846 1757 Ῥ

250 1805 327 1837 174.
352 1803 497 1835 Dilectus
518 1812 606 1835 meus
627 1803 654 1834 si
677 1802 816 1842 piscator

353 1850 397 1882 Et
421 1850 531 1882 retium
559 1850 599 1882 sit
624 1852 800 1890 reparator,

399 1897 531 1929 Secutus
554 1901 661 1928 tamen
680 1896 847 1928 Dominum

353 1944 408 1976 Fit
419 1944 552 1984 piscium
566 1945 646 1976 hanc
657 1946 728 1983 post
739 1945 848 1983 eaptu-

628 1999 696 2022 ram

353 2036 397 2067 Et
428 2038 540 2069 retium
565 2040 638 2078 post
660 2035 850 2068 refecturam

401 2084 544 2116 Piscator
567 2092 664 2123 sagax
681 2083 850 2115 hominum.

251 2158 329 2191 175.
356 2159 421 2190 Hos
456 2158 553 2190 verbo
579 2158 664 2189 vitae
689 2157 851 2196 capiendo,

354 2204 407 2235 Ad
432 2205 506 2235 litus
530 2204 606 2236 fidei
631 2203 785 2235 trahendo

404 2250 572 2282 Conclusos
597 2249 670 2281 fidis
695 2250 814 2281 retibus

354 2297 398 2329 Et
422 2296 461 2328 ab
488 2304 594 2328 errore
616 2299 789 2335 revocatos,

357 2344 395 2375 ln
420 2343 538 2377 Christi
559 2343 625 2375 fide
648 2343 800 2375 solidatos

405 2390 554 2431 Super-nis
564 2391 694 2430 iungens
704 2390 853 2422 coetibus.

900 240 968 272 176

905 590 983 622 177.

909 938 985 972 178.

912 1244 989 1275 179.

915 1595 992 1628 180.

921 1947 998 1980 181.

1006 236 1087 269 Pars
1114 235 1219 274 prima
1243 234 1338 266 dicit:
1374 233 1506 264 multum

1283 280 1385 313 barris

1004 331 1049 362 Et
1071 329 1215 362 cuculino
1240 329 1333 360 modo
1357 327 1459 367 garris

1053 377 1102 409 De
1125 374 1282 408 Zebedaei
1307 374 1384 414 filio,

1005 425 1095 463 Quod
1119 425 1190 453 tuus
1208 420 1299 454 fortis
1317 421 1360 454 sit
1376 422 1505 461 amicus,

1006 471 1052 504 Ut
1071 469 1160 509 dicis,
1188 471 1292 501 castus
1311 470 1342 500 et
1357 469 1503 509 pudicus.

1055 516 1190 549 Pudoris
1216 515 1336 547 cinctus
1361 516 1439 555 lilio,

1007 588 1052 619 Et
1078 587 1192 619 ardens
1216 595 1303 618 amor
1328 585 1376 617 sui
1394 585 1508 626 cordis,

1009 635 1120 666 Totius
1146 634 1259 673 e‘xpers
1285 633 1358 664 labe
1381 631 1495 673 sordis,

1055 681 1132 713 Flos
1150 681 1258 712 dotum
1277 679 1364 711 mille
1378 679 1509 719 milium,

1010 728 1092 760 Prae
1110 728 1229 759 cunctis
1248 734 1370 767 quoque
1384 725 1510 759 Christo

1287 775 1406 814 gratus,

1011 821 1080 864 Dic,
1105 821 1138 852 in
1163 821 1325 852 metallum
1350 820 1508 860 relegatus

1058 869 1122 901 Gur
1138 869 1259 907 patitur
1277 866 1446 899 exsilium?
1465 884 1509 888 —

1012 938 1075 970 Pro
1094 940 1179 971 certo
1196 938 1288 978 scias,
1316 946 1406 969 carus
1425 945 1512 969 meus

1012 985 1085 1017 Non
1093 985 1252 1025 relegatur
1260 987 1417 1023 tamquam
1429 992 1511 1026 reus,

1059 1031 1122 1064 Sed
1146 1031 1207 1063 Dei
1233 1040 1291 1071 pro
1316 1031 1438 1063 iustitia

1013 1078 1064 1110 Ab
1091 1079 1263 1119 angeloque
1287 1078 1466 1110 consolatur

1013 1125 1058 1157 Et
1080 1126 1241 1165 revelata,
1266 1132 1347 1164 quae
1370 1125 1515 1164 rimatur,

1064 1172 1245 1205 Conscribit
1270 1180 1337 1204 cum
1364 1171 1496 1205 laetitia.

1016 1242 1079 1274 Sed
1110 1243 1176 1274 scio
1210 1242 1336 1283 quidem
1368 1242 1428 1274 hoc
1457 1252 1515 1282 pro

1292 1291 1388 1329 certo,

1016 1335 1159 1368 Dilectus
1189 1339 1260 1368 tuus
1284 1337 1319 1368 in
1344 1336 1468 1368 deserto

1063 1383 1153 1423 Quod
1182 1383 1328 1415 subditur
1352 1383 1515 1422 molestiis,

1016 1430 1067 1461 Ab
1097 1431 1207 1470 angelo
1231 1438 1290 1461 nec
1315 1429 1469 1471 visitatur,

1017 1477 1055 1508 ln
1078 1476 1196 1508 abditis
1222 1477 1279 1508 sed
1304 1477 1471 1516 divagatur

1065 1524 1112 1557 Ut
1135 1523 1237 1556 bestia
1262 1532 1331 1554 cum
1357 1523 1479 1556 bestiiS.

1018 1594 1098 1625 Pars
1146 1594 1250 1632 prima
1297 1592 1519 1632 respondendo

1296 1640 1390 1672 dicit:

1017 1687 1088 1728 Dic,
1109 1689 1159 1719 leo
1176 1688 1258 1720 Iuda
1274 1687 1426 1726 numquid
1443 1686 1522 1719 vicit

1067 1734 1231 1766 Luctando
1256 1734 1446 1773 spiritaliter

1021 1781 1141 1814 Diebus
1167 1780 1295 1821 quidem
1311 1781 1522 1822 quadragenis

1023 1829 1150 1861 Deserti
1175 1829 1254 1860 locis
1278 1829 1312 1860 in
1337 1828 1502 1860 obscaenis

1069 1875 1226 1908 Morando
1252 1875 1454 1907 bestialiter?

1026 1946 1059 1977 Si
1085 1955 1175 1978 carus
1202 1948 1273 1977 tuus
1299 1946 1345 1977 sic
1370 1950 1501 1983 amatus,

1025 1994 1053 2023 A
1096 1992 1220 2025 Christo
1271 1993 1392 2027 cunctis
1433 2001 1525 2033 prac-

1303 2042 1432 2080 rogatus

1073 2087 1141 2124 Est,
1162 2095 1217 2118 cur
1235 2089 1268 2117 ut
1281 2095 1392 2119 cervus
1405 2087 1527 2126 sitiens,

1023 2133 1108 2164 Dum
1120 2133 1209 2165 Iesus
1229 2134 1354 2166 ducitur
1372 2135 1526 2176 captivus,

1029 2180 1150 2211 Relicto
1175 2181 1249 2212 Iesu
1273 2179 1424 2220 fugitivus

1073 2226 1121 2257 Sit
1137 2226 1303 2258 sindonem
1320 2227 1472 2259 abiciens.
1488 2247 1529 2250 —

925 2296 1002 2328 182.
1030 2295 1063 2327 Si
1089 2304 1180 2327 carus
1201 2304 1287 2328 meus
1307 2295 1413 2337 fugam
1433 2298 1532 2338 dedit,

1028 2342 1101 2383 Dic,
1110 2343 1264 2383 numquid
1273 2343 1344 2383 ipsc
1353 2344 1417 2377 cito
1428 2344 1533 2377 redit?

1077 2390 1236 2423 Reversus
1261 2391 1366 2424 stabat
1393 2391 1486 2425 fixius
