<?xml version="1.0" encoding="UTF-8"?>
<!DOCTYPE html PUBLIC "-//W3C//DTD XHTML 1.0 Transitional//EN"
    "http://www.w3.org/TR/xhtml1/DTD/xhtml1-transitional.dtd">
<html xmlns="http://www.w3.org/1999/xhtml" xml:lang="en" lang="en">
 <head>
  <title>
</title>
<meta http-equiv="Content-Type" content="text/html;charset=utf-8" />
  <meta name='ocr-system' content='tesseract 3.04.00' />
  <meta name='ocr-capabilities' content='ocr_page ocr_carea ocr_par ocr_line ocrx_word'/>
</head>
<body>
  <div class='ocr_page' id='page_1' title='image "./analectahymnica29drevuoft_00222.png"; bbox 0 0 1655 2573; ppageno 0'>
   <div class='ocr_carea' id='block_1_1' title="bbox 209 427 289 461">
    <p class='ocr_par' dir='ltr' id='par_1_1' title="bbox 209 427 289 461">
     <span class='ocr_line' id='line_1_1' title="bbox 209 427 289 461; baseline 0.025 -2"><span class='ocrx_word' id='word_1_1' title='bbox 209 427 289 461; x_wconf 81' lang='lat'>183.</span> 
     </span>
    </p>
   </div>
   <div class='ocr_carea' id='block_1_2' title="bbox 208 794 286 827">
    <p class='ocr_par' dir='ltr' id='par_1_2' title="bbox 208 794 286 827">
     <span class='ocr_line' id='line_1_2' title="bbox 208 794 286 827; baseline 0.013 -1"><span class='ocrx_word' id='word_1_2' title='bbox 208 794 286 827; x_wconf 81' lang='lat'>184.</span> 
     </span>
    </p>
   </div>
   <div class='ocr_carea' id='block_1_3' title="bbox 207 1113 286 1147">
    <p class='ocr_par' dir='ltr' id='par_1_3' title="bbox 207 1113 286 1147">
     <span class='ocr_line' id='line_1_3' title="bbox 207 1113 286 1147; baseline 0 -1"><span class='ocrx_word' id='word_1_3' title='bbox 207 1113 286 1147; x_wconf 83' lang='lat'>185.</span> 
     </span>
    </p>
   </div>
   <div class='ocr_carea' id='block_1_4' title="bbox 209 1435 287 1468">
    <p class='ocr_par' dir='ltr' id='par_1_4' title="bbox 209 1435 287 1468">
     <span class='ocr_line' id='line_1_4' title="bbox 209 1435 287 1468; baseline 0.013 -1"><span class='ocrx_word' id='word_1_4' title='bbox 209 1435 287 1468; x_wconf 84' lang='lat'>186.</span> 
     </span>
    </p>
   </div>
   <div class='ocr_carea' id='block_1_5' title="bbox 209 1803 287 1836">
    <p class='ocr_par' dir='ltr' id='par_1_5' title="bbox 209 1803 287 1836">
     <span class='ocr_line' id='line_1_5' title="bbox 209 1803 287 1836; baseline 0 0"><span class='ocrx_word' id='word_1_5' title='bbox 209 1803 287 1836; x_wconf 81' lang='lat'>187.</span> 
     </span>
    </p>
   </div>
   <div class='ocr_carea' id='block_1_6' title="bbox 201 2128 281 2161">
    <p class='ocr_par' dir='ltr' id='par_1_6' title="bbox 201 2128 281 2161">
     <span class='ocr_line' id='line_1_6' title="bbox 201 2128 281 2161; baseline 0.013 -1"><span class='ocrx_word' id='word_1_6' title='bbox 201 2128 281 2161; x_wconf 84' lang='lat'>188.</span> 
     </span>
    </p>
   </div>
   <div class='ocr_carea' id='block_1_7' title="bbox 719 148 975 183">
    <p class='ocr_par' dir='ltr' id='par_1_7' title="bbox 719 148 975 183">
     <span class='ocr_line' id='line_1_7' title="bbox 719 148 975 183; baseline 0 0"><span class='ocrx_word' id='word_1_7' title='bbox 719 148 975 183; x_wconf 85' lang='lat'>—219—</span> 
     </span>
    </p>
   </div>
   <div class='ocr_carea' id='block_1_8' title="bbox 313 240 817 369">
    <p class='ocr_par' dir='ltr' id='par_1_8' title="bbox 313 240 817 369">
     <span class='ocr_line' id='line_1_8' title="bbox 316 240 813 283; baseline 0.008 -12"><span class='ocrx_word' id='word_1_8' title='bbox 316 240 394 272; x_wconf 88' lang='lat' dir='ltr'>Cum</span> <span class='ocrx_word' id='word_1_9' title='bbox 400 242 673 275; x_wconf 79' lang='lat' dir='ltr'>matreIesuiuxta</span> <span class='ocrx_word' id='word_1_10' title='bbox 679 252 813 283; x_wconf 78' lang='lat' dir='ltr'>crucem3</span> 
     </span>
     <span class='ocr_line' id='line_1_9' title="bbox 313 288 815 329; baseline 0.006 -10"><span class='ocrx_word' id='word_1_11' title='bbox 313 288 343 318; x_wconf 91' lang='lat' dir='ltr'><strong>A</strong></span> <span class='ocrx_word' id='word_1_12' title='bbox 353 288 426 319; x_wconf 85' lang='lat' dir='ltr'>Iesu</span> <span class='ocrx_word' id='word_1_13' title='bbox 440 288 524 319; x_wconf 90' lang='lat' dir='ltr'>visus</span> <span class='ocrx_word' id='word_1_14' title='bbox 538 291 689 329; x_wconf 90' lang='lat' dir='ltr'>numquid</span> <span class='ocrx_word' id='word_1_15' title='bbox 705 291 815 321; x_wconf 86' lang='lat' dir='ltr'>ducem</span> 
     </span>
     <span class='ocr_line' id='line_1_10' title="bbox 358 334 817 369; baseline 0.009 -4"><span class='ocrx_word' id='word_1_16' title='bbox 358 334 453 366; x_wconf 89' lang='lat' dir='ltr'>Hunc</span> <span class='ocrx_word' id='word_1_17' title='bbox 469 336 564 367; x_wconf 89' lang='lat' dir='ltr'>matri</span> <span class='ocrx_word' id='word_1_18' title='bbox 578 337 634 368; x_wconf 86' lang='lat' dir='ltr'>dat</span> <span class='ocrx_word' id='word_1_19' title='bbox 646 337 791 369; x_wconf 83' lang='lat' dir='ltr'><strong>obnixius</strong></span> <span class='ocrx_word' id='word_1_20' title='bbox 800 338 817 368; x_wconf 70' lang='lat'>:⁴</span> 
     </span>
    </p>
   </div>
   <div class='ocr_carea' id='block_1_9' title="bbox 311 428 814 742">
    <p class='ocr_par' dir='ltr' id='par_1_9' title="bbox 311 428 814 742">
     <span class='ocr_line' id='line_1_11' title="bbox 316 428 801 471; baseline 0.004 -11"><span class='ocrx_word' id='word_1_21' title='bbox 316 428 351 460; x_wconf 86' lang='lat' dir='ltr'>Si</span> <span class='ocrx_word' id='word_1_22' title='bbox 377 437 467 461; x_wconf 87' lang='lat' dir='ltr'>carus</span> <span class='ocrx_word' id='word_1_23' title='bbox 493 431 565 461; x_wconf 80' lang='lat' dir='ltr'>tuus</span> <span class='ocrx_word' id='word_1_24' title='bbox 589 433 801 471; x_wconf 87' lang='lat' dir='ltr'>praeamatur,</span> 
     </span>
     <span class='ocr_line' id='line_1_12' title="bbox 312 475 761 517; baseline 0.004 -10"><span class='ocrx_word' id='word_1_25' title='bbox 312 475 349 507; x_wconf 90' lang='lat' dir='ltr'>In</span> <span class='ocrx_word' id='word_1_26' title='bbox 377 484 504 508; x_wconf 88' lang='lat' dir='ltr'>carcere</span> <span class='ocrx_word' id='word_1_27' title='bbox 529 485 584 508; x_wconf 83' lang='lat' dir='ltr'>cur</span> <span class='ocrx_word' id='word_1_28' title='bbox 609 476 761 517; x_wconf 86' lang='lat' dir='ltr'>fatigatur</span> 
     </span>
     <span class='ocr_line' id='line_1_13' title="bbox 358 522 814 556; baseline -0.002 -1"><span class='ocrx_word' id='word_1_29' title='bbox 358 523 402 555; x_wconf 86' lang='lat' dir='ltr'>Et</span> <span class='ocrx_word' id='word_1_30' title='bbox 425 523 458 554; x_wconf 91' lang='lat' dir='ltr'>in</span> <span class='ocrx_word' id='word_1_31' title='bbox 479 522 616 555; x_wconf 82' lang='lat' dir='ltr'>ferventi</span> <span class='ocrx_word' id='word_1_32' title='bbox 643 523 751 556; x_wconf 83' lang='lat' dir='ltr'>dolio?</span> <span class='ocrx_word' id='word_1_33' title='bbox 769 522 814 547; x_wconf 66' lang='grc' dir='ltr'>-ἓ-</span> 
     </span>
     <span class='ocr_line' id='line_1_14' title="bbox 316 569 813 610; baseline 0 -9"><span class='ocrx_word' id='word_1_34' title='bbox 316 569 456 609; x_wconf 87' lang='lat' dir='ltr'>Confide,</span> <span class='ocrx_word' id='word_1_35' title='bbox 484 579 593 602; x_wconf 84' lang='lat' dir='ltr'>carcer</span> <span class='ocrx_word' id='word_1_36' title='bbox 610 579 674 602; x_wconf 90' lang='lat' dir='ltr'>non</span> <span class='ocrx_word' id='word_1_37' title='bbox 690 570 813 610; x_wconf 84' lang='lat' dir='ltr'>fatigat,</span> 
     </span>
     <span class='ocr_line' id='line_1_15' title="bbox 311 616 813 656; baseline 0 -8"><span class='ocrx_word' id='word_1_38' title='bbox 311 616 380 648; x_wconf 86' lang='lat' dir='ltr'>Nec</span> <span class='ocrx_word' id='word_1_39' title='bbox 388 616 514 649; x_wconf 85' lang='lat' dir='ltr'>fervens</span> <span class='ocrx_word' id='word_1_40' title='bbox 520 617 625 656; x_wconf 89' lang='lat' dir='ltr'>liquor</span> <span class='ocrx_word' id='word_1_41' title='bbox 631 617 715 648; x_wconf 91' lang='lat' dir='ltr'>hunc</span> <span class='ocrx_word' id='word_1_42' title='bbox 722 618 813 649; x_wconf 87' lang='lat' dir='ltr'>easti-</span> 
     </span>
     <span class='ocr_line' id='line_1_16' title="bbox 589 666 652 703; baseline 0 0"><span class='ocrx_word' id='word_1_43' title='bbox 589 666 652 703; x_wconf 77' lang='lat' dir='ltr'>gat,</span> 
     </span>
     <span class='ocr_line' id='line_1_17' title="bbox 360 709 758 742; baseline 0 0"><span class='ocrx_word' id='word_1_44' title='bbox 360 710 424 742; x_wconf 85' lang='lat' dir='ltr'>Sed</span> <span class='ocrx_word' id='word_1_45' title='bbox 449 709 541 741; x_wconf 87' lang='lat' dir='ltr'>sedet</span> <span class='ocrx_word' id='word_1_46' title='bbox 563 713 599 740; x_wconf 87' lang='lat' dir='ltr'>ut</span> <span class='ocrx_word' id='word_1_47' title='bbox 621 710 655 741; x_wconf 89' lang='lat' dir='ltr'>in</span> <span class='ocrx_word' id='word_1_48' title='bbox 679 710 758 742; x_wconf 91' lang='lat' dir='ltr'>solio</span> 
     </span>
    </p>
   </div>
   <div class='ocr_carea' id='block_1_10' title="bbox 310 793 815 1069">
    <p class='ocr_par' dir='ltr' id='par_1_10' title="bbox 313 793 724 834">
     <span class='ocr_line' id='line_1_18' title="bbox 313 793 724 834; baseline 0 -8"><span class='ocrx_word' id='word_1_49' title='bbox 313 793 427 834; x_wconf 78' lang='lat' dir='ltr'>Regali</span> <span class='ocrx_word' id='word_1_50' title='bbox 451 794 535 825; x_wconf 92' lang='lat' dir='ltr'>stola</span> <span class='ocrx_word' id='word_1_51' title='bbox 558 794 724 826; x_wconf 84' lang='lat' dir='ltr'>decoratus</span> 
     </span>
    </p>

    <p class='ocr_par' dir='ltr' id='par_1_11' title="bbox 310 840 751 928">
     <span class='ocr_line' id='line_1_19' title="bbox 310 840 751 873; baseline 0.002 -1"><span class='ocrx_word' id='word_1_52' title='bbox 310 841 354 873; x_wconf 86' lang='lat' dir='ltr'>Et</span> <span class='ocrx_word' id='word_1_53' title='bbox 377 842 411 873; x_wconf 91' lang='lat' dir='ltr'>in</span> <span class='ocrx_word' id='word_1_54' title='bbox 436 840 538 873; x_wconf 85' lang='lat' dir='ltr'>olivae</span> <span class='ocrx_word' id='word_1_55' title='bbox 564 842 751 873; x_wconf 88' lang='lat' dir='ltr'>candidatus</span> 
     </span>
     <span class='ocr_line' id='line_1_20' title="bbox 360 888 708 928; baseline 0 -8"><span class='ocrx_word' id='word_1_56' title='bbox 360 888 543 920; x_wconf 84' lang='lat' dir='ltr'>Praenobili</span> <span class='ocrx_word' id='word_1_57' title='bbox 569 888 708 928; x_wconf 79' lang='lat' dir='ltr'>colliri03</span> 
     </span>
    </p>

    <p class='ocr_par' dir='ltr' id='par_1_12' title="bbox 314 935 795 967">
     <span class='ocr_line' id='line_1_21' title="bbox 314 935 795 967; baseline 0.002 -1"><span class='ocrx_word' id='word_1_58' title='bbox 314 935 378 967; x_wconf 92' lang='lat' dir='ltr'>Sed</span> <span class='ocrx_word' id='word_1_59' title='bbox 405 944 495 966; x_wconf 87' lang='lat' dir='ltr'>carus</span> <span class='ocrx_word' id='word_1_60' title='bbox 518 937 590 967; x_wconf 89' lang='lat' dir='ltr'>tuus</span> <span class='ocrx_word' id='word_1_61' title='bbox 616 938 795 967; x_wconf 82' lang='lat' dir='ltr'><strong>carceratus</strong></span> 
     </span>
    </p>

    <p class='ocr_par' dir='ltr' id='par_1_13' title="bbox 314 982 815 1069">
     <span class='ocr_line' id='line_1_22' title="bbox 314 982 815 1014; baseline 0 0"><span class='ocrx_word' id='word_1_62' title='bbox 314 982 387 1014; x_wconf 85' lang='lat' dir='ltr'>Non</span> <span class='ocrx_word' id='word_1_63' title='bbox 405 982 506 1014; x_wconf 85' lang='lat' dir='ltr'>solum</span> <span class='ocrx_word' id='word_1_64' title='bbox 523 983 579 1014; x_wconf 87' lang='lat' dir='ltr'>sed</span> <span class='ocrx_word' id='word_1_65' title='bbox 594 985 625 1013; x_wconf 88' lang='lat' dir='ltr'>et</span> <span class='ocrx_word' id='word_1_66' title='bbox 641 983 815 1014; x_wconf 78' lang='lat' dir='ltr'>decollatus</span> 
     </span>
     <span class='ocr_line' id='line_1_23' title="bbox 361 1029 767 1069; baseline -0.002 -7"><span class='ocrx_word' id='word_1_67' title='bbox 361 1029 584 1069; x_wconf 81' lang='lat' dir='ltr'>Exstinguitur</span> <span class='ocrx_word' id='word_1_68' title='bbox 603 1030 767 1069; x_wconf 86' lang='lat' dir='ltr'>martyrio.</span> 
     </span>
    </p>
   </div>
   <div class='ocr_carea' id='block_1_11' title="bbox 312 1114 817 1389">
    <p class='ocr_par' dir='ltr' id='par_1_14' title="bbox 312 1114 817 1389">
     <span class='ocr_line' id='line_1_24' title="bbox 315 1114 815 1153; baseline -0.004 -7"><span class='ocrx_word' id='word_1_69' title='bbox 315 1115 395 1146; x_wconf 88' lang='lat' dir='ltr'>Pars</span> <span class='ocrx_word' id='word_1_70' title='bbox 407 1114 483 1146; x_wconf 88' lang='lat' dir='ltr'>item</span> <span class='ocrx_word' id='word_1_71' title='bbox 495 1122 615 1153; x_wconf 81' lang='lat' dir='ltr'>procax</span> <span class='ocrx_word' id='word_1_72' title='bbox 624 1114 815 1153; x_wconf 77' lang='lat' dir='ltr'>baptizantis</span> 
     </span>
     <span class='ocr_line' id='line_1_25' title="bbox 313 1161 787 1201; baseline 0 -9"><span class='ocrx_word' id='word_1_73' title='bbox 313 1161 367 1192; x_wconf 87' lang='lat' dir='ltr'>Sic</span> <span class='ocrx_word' id='word_1_74' title='bbox 390 1163 516 1201; x_wconf 85' lang='lat' dir='ltr'>partem</span> <span class='ocrx_word' id='word_1_75' title='bbox 542 1161 787 1200; x_wconf 69' lang='lat' dir='ltr'>evangelizantis</span> 
     </span>
     <span class='ocr_line' id='line_1_26' title="bbox 358 1208 786 1248; baseline 0 -8"><span class='ocrx_word' id='word_1_76' title='bbox 358 1209 412 1240; x_wconf 89' lang='lat' dir='ltr'>Ad</span> <span class='ocrx_word' id='word_1_77' title='bbox 438 1208 631 1248; x_wconf 87' lang='lat' dir='ltr'>arguendum</span> <span class='ocrx_word' id='word_1_78' title='bbox 656 1208 786 1240; x_wconf 87' lang='lat' dir='ltr'>incitat:</span> 
     </span>
     <span class='ocr_line' id='line_1_27' title="bbox 313 1254 816 1287; baseline -0.002 -1"><span class='ocrx_word' id='word_1_79' title='bbox 313 1254 347 1287; x_wconf 88' lang='lat' dir='ltr'>Si</span> <span class='ocrx_word' id='word_1_80' title='bbox 374 1264 465 1287; x_wconf 87' lang='lat' dir='ltr'>carus</span> <span class='ocrx_word' id='word_1_81' title='bbox 489 1258 561 1286; x_wconf 85' lang='lat' dir='ltr'>tuus</span> <span class='ocrx_word' id='word_1_82' title='bbox 583 1254 702 1287; x_wconf 82' lang='lat' dir='ltr'>Christi</span> <span class='ocrx_word' id='word_1_83' title='bbox 722 1254 816 1286; x_wconf 90' lang='lat' dir='ltr'>scivit</span> 
     </span>
     <span class='ocr_line' id='line_1_28' title="bbox 312 1301 817 1342; baseline -0.004 -8"><span class='ocrx_word' id='word_1_84' title='bbox 312 1303 451 1341; x_wconf 87' lang='lat' dir='ltr'>Arcana,</span> <span class='ocrx_word' id='word_1_85' title='bbox 479 1302 540 1342; x_wconf 88' lang='lat' dir='ltr'>dic,</span> <span class='ocrx_word' id='word_1_86' title='bbox 569 1310 624 1333; x_wconf 89' lang='lat' dir='ltr'>cur</span> <span class='ocrx_word' id='word_1_87' title='bbox 640 1302 740 1341; x_wconf 90' lang='lat' dir='ltr'>pedes</span> <span class='ocrx_word' id='word_1_88' title='bbox 756 1301 817 1333; x_wconf 85' lang='lat' dir='ltr'>ivit</span> 
     </span>
     <span class='ocr_line' id='line_1_29' title="bbox 359 1347 815 1389; baseline -0.004 -8"><span class='ocrx_word' id='word_1_89' title='bbox 359 1350 404 1381; x_wconf 85' lang='lat' dir='ltr'>Et</span> <span class='ocrx_word' id='word_1_90' title='bbox 415 1358 477 1381; x_wconf 91' lang='lat' dir='ltr'>non</span> <span class='ocrx_word' id='word_1_91' title='bbox 491 1358 661 1389; x_wconf 90' lang='lat' dir='ltr'>pomposus</span> <span class='ocrx_word' id='word_1_92' title='bbox 676 1347 815 1389; x_wconf 82' lang='lat' dir='ltr'>equitat?</span> 
     </span>
    </p>
   </div>
   <div class='ocr_carea' id='block_1_12' title="bbox 311 1434 814 1757">
    <p class='ocr_par' dir='ltr' id='par_1_15' title="bbox 311 1434 812 1615">
     <span class='ocr_line' id='line_1_30' title="bbox 315 1434 766 1474; baseline -0.004 -7"><span class='ocrx_word' id='word_1_93' title='bbox 315 1435 352 1467; x_wconf 88' lang='lat' dir='ltr'>In</span> <span class='ocrx_word' id='word_1_94' title='bbox 378 1442 457 1474; x_wconf 88' lang='lat' dir='ltr'>equo</span> <span class='ocrx_word' id='word_1_95' title='bbox 483 1434 564 1465; x_wconf 86' lang='lat' dir='ltr'>scias</span> <span class='ocrx_word' id='word_1_96' title='bbox 589 1434 766 1474; x_wconf 89' lang='lat' dir='ltr'>phalerato,</span> 
     </span>
     <span class='ocr_line' id='line_1_31' title="bbox 311 1480 812 1521; baseline -0.002 -8"><span class='ocrx_word' id='word_1_97' title='bbox 311 1482 470 1513; x_wconf 89' lang='lat' dir='ltr'>Decenter</span> <span class='ocrx_word' id='word_1_98' title='bbox 487 1480 586 1512; x_wconf 87' lang='lat' dir='ltr'>frenis</span> <span class='ocrx_word' id='word_1_99' title='bbox 610 1485 812 1521; x_wconf 83' lang='lat' dir='ltr'>praeparato,</span> 
     </span>
     <span class='ocr_line' id='line_1_32' title="bbox 358 1528 766 1567; baseline -0.005 -6"><span class='ocrx_word' id='word_1_100' title='bbox 358 1529 503 1561; x_wconf 79' lang='lat' dir='ltr'>Dilectus</span> <span class='ocrx_word' id='word_1_101' title='bbox 532 1536 619 1559; x_wconf 89' lang='lat' dir='ltr'>meus</span> <span class='ocrx_word' id='word_1_102' title='bbox 645 1528 766 1567; x_wconf 81' lang='lat' dir='ltr'>equitat</span> 
     </span>
     <span class='ocr_line' id='line_1_33' title="bbox 312 1574 799 1615; baseline -0.004 -7"><span class='ocrx_word' id='word_1_103' title='bbox 312 1576 358 1609; x_wconf 89' lang='lat' dir='ltr'>Ut</span> <span class='ocrx_word' id='word_1_104' title='bbox 393 1576 483 1607; x_wconf 91' lang='lat' dir='ltr'>miles</span> <span class='ocrx_word' id='word_1_105' title='bbox 517 1574 629 1615; x_wconf 81' lang='lat' dir='ltr'>fortis,</span> <span class='ocrx_word' id='word_1_106' title='bbox 673 1575 799 1607; x_wconf 85' lang='lat' dir='ltr'>Christo</span> 
     </span>
    </p>

    <p class='ocr_par' dir='ltr' id='par_1_16' title="bbox 312 1625 814 1757">
     <span class='ocr_line' id='line_1_34' title="bbox 592 1625 711 1663; baseline 0 -10"><span class='ocrx_word' id='word_1_107' title='bbox 592 1625 711 1663; x_wconf 84' lang='lat' dir='ltr'>gratus,</span> 
     </span>
     <span class='ocr_line' id='line_1_35' title="bbox 312 1669 798 1702; baseline -0.002 0"><span class='ocrx_word' id='word_1_108' title='bbox 312 1670 375 1702; x_wconf 87' lang='lat' dir='ltr'>Sed</span> <span class='ocrx_word' id='word_1_109' title='bbox 402 1678 493 1702; x_wconf 80' lang='lat' dir='ltr'>carus</span> <span class='ocrx_word' id='word_1_110' title='bbox 518 1672 590 1701; x_wconf 90' lang='lat' dir='ltr'>tuus</span> <span class='ocrx_word' id='word_1_111' title='bbox 615 1669 798 1701; x_wconf 87' lang='lat' dir='ltr'>sordidatus</span> 
     </span>
     <span class='ocr_line' id='line_1_36' title="bbox 359 1717 814 1757; baseline 0 -7"><span class='ocrx_word' id='word_1_112' title='bbox 359 1718 405 1750; x_wconf 90' lang='lat' dir='ltr'>Ut</span> <span class='ocrx_word' id='word_1_113' title='bbox 429 1717 533 1757; x_wconf 85' lang='lat' dir='ltr'>garsio</span> <span class='ocrx_word' id='word_1_114' title='bbox 551 1717 598 1748; x_wconf 90' lang='lat' dir='ltr'>sic</span> <span class='ocrx_word' id='word_1_115' title='bbox 614 1717 749 1756; x_wconf 77' lang='lat' dir='ltr'>peditat.</span> <span class='ocrx_word' id='word_1_116' title='bbox 767 1733 814 1738; x_wconf 81' lang='lat'>—-</span> 
     </span>
    </p>
   </div>
   <div class='ocr_carea' id='block_1_13' title="bbox 306 1801 816 2080">
    <p class='ocr_par' dir='ltr' id='par_1_17' title="bbox 306 1801 816 2080">
     <span class='ocr_line' id='line_1_37' title="bbox 314 1801 785 1835; baseline -0.002 -1"><span class='ocrx_word' id='word_1_117' title='bbox 314 1803 356 1835; x_wconf 86' lang='lat' dir='ltr'>Et</span> <span class='ocrx_word' id='word_1_118' title='bbox 383 1811 439 1835; x_wconf 84' lang='lat' dir='ltr'>cur</span> <span class='ocrx_word' id='word_1_119' title='bbox 465 1801 591 1833; x_wconf 81' lang='lat' dir='ltr'>extollis</span> <span class='ocrx_word' id='word_1_120' title='bbox 616 1802 785 1834; x_wconf 82' lang='lat' dir='ltr'>sanctitate</span> 
     </span>
     <span class='ocr_line' id='line_1_38' title="bbox 312 1849 797 1889; baseline -0.006 -6"><span class='ocrx_word' id='word_1_121' title='bbox 312 1852 408 1884; x_wconf 90' lang='lat' dir='ltr'>Hunc</span> <span class='ocrx_word' id='word_1_122' title='bbox 432 1849 526 1881; x_wconf 88' lang='lat' dir='ltr'>simul</span> <span class='ocrx_word' id='word_1_123' title='bbox 553 1852 585 1880; x_wconf 92' lang='lat' dir='ltr'>et</span> <span class='ocrx_word' id='word_1_124' title='bbox 608 1849 797 1889; x_wconf 86' lang='lat' dir='ltr'>maioritate,</span> 
     </span>
     <span class='ocr_line' id='line_1_39' title="bbox 359 1897 816 1936; baseline -0.009 -4"><span class='ocrx_word' id='word_1_125' title='bbox 359 1897 545 1936; x_wconf 85' lang='lat' dir='ltr'>Scripturae</span> <span class='ocrx_word' id='word_1_126' title='bbox 570 1905 660 1936; x_wconf 92' lang='lat' dir='ltr'>quem</span> <span class='ocrx_word' id='word_1_127' title='bbox 687 1897 816 1928; x_wconf 87' lang='lat' dir='ltr'>oracula</span> 
     </span>
     <span class='ocr_line' id='line_1_40' title="bbox 310 1946 814 1985; baseline -0.006 -7"><span class='ocrx_word' id='word_1_128' title='bbox 310 1946 381 1978; x_wconf 85' lang='lat' dir='ltr'>Non</span> <span class='ocrx_word' id='word_1_129' title='bbox 391 1947 584 1978; x_wconf 84' lang='lat' dir='ltr'>attestantur</span> <span class='ocrx_word' id='word_1_130' title='bbox 592 1947 814 1985; x_wconf 85' lang='lat' dir='ltr'>praerogatum</span> 
     </span>
     <span class='ocr_line' id='line_1_41' title="bbox 306 1994 813 2032; baseline -0.008 -6"><span class='ocrx_word' id='word_1_131' title='bbox 306 1994 344 2026; x_wconf 87' lang='lat' dir='ltr'>In</span> <span class='ocrx_word' id='word_1_132' title='bbox 369 1994 437 2025; x_wconf 85' lang='lat' dir='ltr'>vita</span> <span class='ocrx_word' id='word_1_133' title='bbox 462 1996 622 2032; x_wconf 83' lang='lat' dir='ltr'>tamquam</span> <span class='ocrx_word' id='word_1_134' title='bbox 648 1995 813 2032; x_wconf 89' lang='lat' dir='ltr'>operatum</span> 
     </span>
     <span class='ocr_line' id='line_1_42' title="bbox 359 2038 813 2080; baseline -0.004 -7"><span class='ocrx_word' id='word_1_135' title='bbox 359 2041 416 2073; x_wconf 92' lang='lat' dir='ltr'>Vel</span> <span class='ocrx_word' id='word_1_136' title='bbox 445 2040 536 2080; x_wconf 86' lang='lat' dir='ltr'>signa</span> <span class='ocrx_word' id='word_1_137' title='bbox 561 2040 611 2071; x_wconf 92' lang='lat' dir='ltr'>vel</span> <span class='ocrx_word' id='word_1_138' title='bbox 637 2038 813 2071; x_wconf 82' lang='lat' dir='ltr'>miracula?</span> 
     </span>
    </p>
   </div>
   <div class='ocr_carea' id='block_1_14' title="bbox 306 2126 813 2444">
    <p class='ocr_par' dir='ltr' id='par_1_18' title="bbox 306 2126 813 2444">
     <span class='ocr_line' id='line_1_43' title="bbox 309 2126 813 2167; baseline -0.006 -8"><span class='ocrx_word' id='word_1_139' title='bbox 309 2126 374 2159; x_wconf 85' lang='lat' dir='ltr'>Sed</span> <span class='ocrx_word' id='word_1_140' title='bbox 417 2134 508 2159; x_wconf 83' lang='lat' dir='ltr'>carus</span> <span class='ocrx_word' id='word_1_141' title='bbox 549 2133 654 2167; x_wconf 88' lang='lat' dir='ltr'>meus,</span> <span class='ocrx_word' id='word_1_142' title='bbox 701 2133 813 2156; x_wconf 89' lang='lat' dir='ltr'>servus</span> 
     </span>
     <span class='ocr_line' id='line_1_44' title="bbox 587 2172 718 2213; baseline -0.015 -8"><span class='ocrx_word' id='word_1_143' title='bbox 587 2172 718 2213; x_wconf 82' lang='lat' dir='ltr'>Christi,</span> 
     </span>
     <span class='ocr_line' id='line_1_45' title="bbox 310 2220 765 2262; baseline -0.007 -8"><span class='ocrx_word' id='word_1_144' title='bbox 310 2222 346 2254; x_wconf 82' lang='lat' dir='ltr'>Si</span> <span class='ocrx_word' id='word_1_145' title='bbox 370 2221 558 2262; x_wconf 85' lang='lat' dir='ltr'>supradicta</span> <span class='ocrx_word' id='word_1_146' title='bbox 582 2220 765 2260; x_wconf 83' lang='lat' dir='ltr'>meministi,</span> 
     </span>
     <span class='ocr_line' id='line_1_46' title="bbox 355 2268 701 2308; baseline -0.009 -6"><span class='ocrx_word' id='word_1_147' title='bbox 355 2269 475 2302; x_wconf 87' lang='lat' dir='ltr'>&#39;Divina</span> <span class='ocrx_word' id='word_1_148' title='bbox 498 2277 557 2308; x_wconf 89' lang='lat' dir='ltr'>per</span> <span class='ocrx_word' id='word_1_149' title='bbox 582 2268 701 2300; x_wconf 82' lang='lat' dir='ltr'>auxilia</span> 
     </span>
     <span class='ocr_line' id='line_1_47' title="bbox 306 2315 711 2355; baseline -0.01 -5"><span class='ocrx_word' id='word_1_150' title='bbox 306 2318 343 2350; x_wconf 92' lang='lat' dir='ltr'>In</span> <span class='ocrx_word' id='word_1_151' title='bbox 369 2318 436 2349; x_wconf 87' lang='lat' dir='ltr'>vita</span> <span class='ocrx_word' id='word_1_152' title='bbox 462 2315 538 2347; x_wconf 83' lang='lat' dir='ltr'>fecit</span> <span class='ocrx_word' id='word_1_153' title='bbox 563 2315 711 2355; x_wconf 83' lang='lat' dir='ltr'>gloriosa,</span> 
     </span>
     <span class='ocr_line' id='line_1_48' title="bbox 306 2363 735 2403; baseline -0.009 -6"><span class='ocrx_word' id='word_1_154' title='bbox 306 2363 460 2397; x_wconf 79' lang='lat' dir='ltr'>Miranda</span> <span class='ocrx_word' id='word_1_155' title='bbox 483 2364 573 2403; x_wconf 85' lang='lat' dir='ltr'>signa</span> <span class='ocrx_word' id='word_1_156' title='bbox 599 2363 735 2402; x_wconf 84' lang='lat' dir='ltr'>copiosa,</span> 
     </span>
     <span class='ocr_line' id='line_1_49' title="bbox 356 2410 687 2444; baseline -0.012 0"><span class='ocrx_word' id='word_1_157' title='bbox 356 2412 496 2444; x_wconf 83' lang='lat' dir='ltr'>Famosa</span> <span class='ocrx_word' id='word_1_158' title='bbox 517 2410 687 2441; x_wconf 81' lang='lat' dir='ltr'>mirabilia.</span> 
     </span>
    </p>
   </div>
   <div class='ocr_carea' id='block_1_15' title="bbox 886 245 964 278">
    <p class='ocr_par' dir='ltr' id='par_1_19' title="bbox 886 245 964 278">
     <span class='ocr_line' id='line_1_50' title="bbox 886 245 964 278; baseline 0.013 -1"><span class='ocrx_word' id='word_1_159' title='bbox 886 245 964 278; x_wconf 89' lang='lat'>189.</span> 
     </span>
    </p>
   </div>
   <div class='ocr_carea' id='block_1_16' title="bbox 886 655 964 688">
    <p class='ocr_par' dir='ltr' id='par_1_20' title="bbox 886 655 964 688">
     <span class='ocr_line' id='line_1_51' title="bbox 886 655 964 688; baseline 0.013 -1"><span class='ocrx_word' id='word_1_160' title='bbox 886 655 964 688; x_wconf 88' lang='lat'>190.</span> 
     </span>
    </p>
   </div>
   <div class='ocr_carea' id='block_1_17' title="bbox 889 1020 963 1053">
    <p class='ocr_par' dir='ltr' id='par_1_21' title="bbox 889 1020 963 1053">
     <span class='ocr_line' id='line_1_52' title="bbox 889 1020 963 1053; baseline 0.027 -2"><span class='ocrx_word' id='word_1_161' title='bbox 889 1020 963 1053; x_wconf 88' lang='lat'>191.</span> 
     </span>
    </p>
   </div>
   <div class='ocr_carea' id='block_1_18' title="bbox 887 1386 966 1418">
    <p class='ocr_par' dir='ltr' id='par_1_22' title="bbox 887 1386 966 1418">
     <span class='ocr_line' id='line_1_53' title="bbox 887 1386 966 1418; baseline -0.013 0"><span class='ocrx_word' id='word_1_162' title='bbox 887 1386 966 1418; x_wconf 82' lang='lat'>192.</span> 
     </span>
    </p>
   </div>
   <div class='ocr_carea' id='block_1_19' title="bbox 886 1754 964 1786">
    <p class='ocr_par' dir='ltr' id='par_1_23' title="bbox 886 1754 964 1786">
     <span class='ocr_line' id='line_1_54' title="bbox 886 1754 964 1786; baseline 0 0"><span class='ocrx_word' id='word_1_163' title='bbox 886 1754 964 1786; x_wconf 85' lang='lat'>193.</span> 
     </span>
    </p>
   </div>
   <div class='ocr_carea' id='block_1_20' title="bbox 884 2171 962 2204">
    <p class='ocr_par' dir='ltr' id='par_1_24' title="bbox 884 2171 962 2204">
     <span class='ocr_line' id='line_1_55' title="bbox 884 2171 962 2204; baseline 0.013 -1"><span class='ocrx_word' id='word_1_164' title='bbox 884 2171 962 2204; x_wconf 79' lang='lat'>194.</span> 
     </span>
    </p>
   </div>
   <div class='ocr_carea' id='block_1_21' title="bbox 990 244 1491 605">
    <p class='ocr_par' dir='ltr' id='par_1_25' title="bbox 990 244 1491 605">
     <span class='ocr_line' id='line_1_56' title="bbox 990 244 1487 284; baseline 0 -8"><span class='ocrx_word' id='word_1_165' title='bbox 990 245 1044 276; x_wconf 90' lang='lat' dir='ltr'>Ad</span> <span class='ocrx_word' id='word_1_166' title='bbox 1056 244 1134 276; x_wconf 82' lang='lat' dir='ltr'>haec</span> <span class='ocrx_word' id='word_1_167' title='bbox 1144 244 1317 283; x_wconf 87' lang='lat' dir='ltr'>respondet</span> <span class='ocrx_word' id='word_1_168' title='bbox 1325 253 1400 283; x_wconf 87' lang='lat' dir='ltr'>pars</span> <span class='ocrx_word' id='word_1_169' title='bbox 1409 244 1487 284; x_wconf 84' lang='lat' dir='ltr'>bap-</span> 
     </span>
     <span class='ocr_line' id='line_1_57' title="bbox 1267 291 1373 322; baseline 0 -1"><span class='ocrx_word' id='word_1_170' title='bbox 1267 291 1373 322; x_wconf 82' lang='lat' dir='ltr'>tistae:</span> 
     </span>
     <span class='ocr_line' id='line_1_58' title="bbox 990 337 1489 378; baseline -0.006 -8"><span class='ocrx_word' id='word_1_171' title='bbox 990 337 1489 378; x_wconf 81' lang='lat' dir='ltr'>TuquidembonenostiChriste,</span> 
     </span>
     <span class='ocr_line' id='line_1_59' title="bbox 1039 384 1491 424; baseline -0.004 -8"><span class='ocrx_word' id='word_1_172' title='bbox 1039 385 1128 424; x_wconf 78' lang='lat' dir='ltr'>Quod</span> <span class='ocrx_word' id='word_1_173' title='bbox 1153 384 1244 423; x_wconf 86' lang='lat' dir='ltr'>signa</span> <span class='ocrx_word' id='word_1_174' title='bbox 1266 392 1321 415; x_wconf 90' lang='lat' dir='ltr'>seu</span> <span class='ocrx_word' id='word_1_175' title='bbox 1339 384 1491 415; x_wconf 83' lang='lat' dir='ltr'>miracula</span> 
     </span>
     <span class='ocr_line' id='line_1_60' title="bbox 993 431 1488 470; baseline -0.004 -7"><span class='ocrx_word' id='word_1_176' title='bbox 993 432 1064 463; x_wconf 83' lang='lat' dir='ltr'>Non</span> <span class='ocrx_word' id='word_1_177' title='bbox 1088 439 1213 470; x_wconf 85' lang='lat' dir='ltr'>semper</span> <span class='ocrx_word' id='word_1_178' title='bbox 1238 431 1378 470; x_wconf 88' lang='lat' dir='ltr'>produnt</span> <span class='ocrx_word' id='word_1_179' title='bbox 1399 439 1488 461; x_wconf 89' lang='lat' dir='ltr'>sanc-</span> 
     </span>
     <span class='ocr_line' id='line_1_61' title="bbox 1267 477 1401 519; baseline 0 -11"><span class='ocrx_word' id='word_1_180' title='bbox 1267 477 1401 519; x_wconf 85' lang='lat' dir='ltr'>titatem‚</span> 
     </span>
     <span class='ocr_line' id='line_1_62' title="bbox 990 524 1473 563; baseline -0.004 -6"><span class='ocrx_word' id='word_1_181' title='bbox 990 525 1053 557; x_wconf 89' lang='lat' dir='ltr'>Sed</span> <span class='ocrx_word' id='word_1_182' title='bbox 1078 524 1262 563; x_wconf 86' lang='lat' dir='ltr'>ampliorem</span> <span class='ocrx_word' id='word_1_183' title='bbox 1289 524 1473 563; x_wconf 86' lang='lat' dir='ltr'>dignitatem</span> 
     </span>
     <span class='ocr_line' id='line_1_63' title="bbox 1037 571 1487 605; baseline 0 -2"><span class='ocrx_word' id='word_1_184' title='bbox 1037 572 1102 604; x_wconf 90' lang='lat' dir='ltr'>Dat</span> <span class='ocrx_word' id='word_1_185' title='bbox 1130 571 1195 602; x_wconf 86' lang='lat' dir='ltr'>vita</span> <span class='ocrx_word' id='word_1_186' title='bbox 1221 580 1330 603; x_wconf 85' lang='lat' dir='ltr'>carens</span> <span class='ocrx_word' id='word_1_187' title='bbox 1355 571 1487 605; x_wconf 81' lang='lat' dir='ltr'>macula.</span> 
     </span>
    </p>
   </div>
   <div class='ocr_carea' id='block_1_22' title="bbox 989 655 1489 968">
    <p class='ocr_par' dir='ltr' id='par_1_26' title="bbox 989 655 1489 968">
     <span class='ocr_line' id='line_1_64' title="bbox 989 655 1489 695; baseline -0.002 -7"><span class='ocrx_word' id='word_1_188' title='bbox 989 656 1033 688; x_wconf 91' lang='lat' dir='ltr'>Hi</span> <span class='ocrx_word' id='word_1_189' title='bbox 1057 663 1210 695; x_wconf 85' lang='lat' dir='ltr'>namque,</span> <span class='ocrx_word' id='word_1_190' title='bbox 1237 656 1290 694; x_wconf 89' lang='lat' dir='ltr'>qui</span> <span class='ocrx_word' id='word_1_191' title='bbox 1315 655 1489 694; x_wconf 86' lang='lat' dir='ltr'>scripturas</span> 
     </span>
     <span class='ocr_line' id='line_1_65' title="bbox 1266 703 1379 741; baseline 0.009 -9"><span class='ocrx_word' id='word_1_192' title='bbox 1266 703 1379 741; x_wconf 85' lang='lat' dir='ltr'>sciunt,</span> 
     </span>
     <span class='ocr_line' id='line_1_66' title="bbox 991 747 1482 787; baseline 0.002 -8"><span class='ocrx_word' id='word_1_193' title='bbox 991 748 1165 787; x_wconf 78' lang='lat' dir='ltr'>Noverunt,</span> <span class='ocrx_word' id='word_1_194' title='bbox 1192 748 1281 787; x_wconf 85' lang='lat' dir='ltr'>signa</span> <span class='ocrx_word' id='word_1_195' title='bbox 1306 749 1379 787; x_wconf 86' lang='lat' dir='ltr'>quia</span> <span class='ocrx_word' id='word_1_196' title='bbox 1401 747 1482 780; x_wconf 84' lang='lat' dir='ltr'>fiunt</span> 
     </span>
     <span class='ocr_line' id='line_1_67' title="bbox 1037 793 1462 837; baseline -0.002 -10"><span class='ocrx_word' id='word_1_197' title='bbox 1037 795 1108 827; x_wconf 83' lang='lat' dir='ltr'>Non</span> <span class='ocrx_word' id='word_1_198' title='bbox 1134 795 1235 826; x_wconf 86' lang='lat' dir='ltr'>solum</span> <span class='ocrx_word' id='word_1_199' title='bbox 1260 804 1279 826; x_wconf 89' lang='lat' dir='ltr'>a</span> <span class='ocrx_word' id='word_1_200' title='bbox 1303 793 1462 837; x_wconf 87' lang='lat' dir='ltr'>beneficis,</span> 
     </span>
     <span class='ocr_line' id='line_1_68' title="bbox 990 841 1461 882; baseline -0.004 -8"><span class='ocrx_word' id='word_1_201' title='bbox 990 842 1053 874; x_wconf 82' lang='lat' dir='ltr'>Sed</span> <span class='ocrx_word' id='word_1_202' title='bbox 1079 841 1173 873; x_wconf 86' lang='lat' dir='ltr'>etiam</span> <span class='ocrx_word' id='word_1_203' title='bbox 1196 841 1249 872; x_wconf 89' lang='lat' dir='ltr'>hic</span> <span class='ocrx_word' id='word_1_204' title='bbox 1273 851 1291 873; x_wconf 85' lang='lat' dir='ltr'>a</span> <span class='ocrx_word' id='word_1_205' title='bbox 1316 842 1461 882; x_wconf 86' lang='lat' dir='ltr'>malignis</span> 
     </span>
     <span class='ocr_line' id='line_1_69' title="bbox 989 887 1411 928; baseline -0.005 -7"><span class='ocrx_word' id='word_1_206' title='bbox 989 889 1109 921; x_wconf 86' lang='lat' dir='ltr'>Ariolis</span> <span class='ocrx_word' id='word_1_207' title='bbox 1133 897 1196 920; x_wconf 89' lang='lat' dir='ltr'>non</span> <span class='ocrx_word' id='word_1_208' title='bbox 1217 887 1282 920; x_wconf 87' lang='lat' dir='ltr'>fide</span> <span class='ocrx_word' id='word_1_209' title='bbox 1308 888 1411 928; x_wconf 83' lang='lat' dir='ltr'>dignis</span> 
     </span>
     <span class='ocr_line' id='line_1_70' title="bbox 1038 934 1489 968; baseline 0 -1"><span class='ocrx_word' id='word_1_210' title='bbox 1038 936 1209 967; x_wconf 86' lang='lat' dir='ltr'>Patrantur</span> <span class='ocrx_word' id='word_1_211' title='bbox 1227 938 1259 966; x_wconf 90' lang='lat' dir='ltr'>et</span> <span class='ocrx_word' id='word_1_212' title='bbox 1269 934 1430 968; x_wconf 82' lang='lat' dir='ltr'>maleficis,</span> <span class='ocrx_word' id='word_1_213' title='bbox 1446 953 1489 957; x_wconf 92' lang='lat'><em>-</em></span> 
     </span>
    </p>
   </div>
   <div class='ocr_carea' id='block_1_23' title="bbox 986 1020 1491 1333">
    <p class='ocr_par' dir='ltr' id='par_1_27' title="bbox 986 1020 1491 1333">
     <span class='ocr_line' id='line_1_71' title="bbox 989 1020 1491 1061; baseline 0 -10"><span class='ocrx_word' id='word_1_214' title='bbox 989 1020 1038 1052; x_wconf 90' lang='lat' dir='ltr'>Tu</span> <span class='ocrx_word' id='word_1_215' title='bbox 1063 1020 1255 1061; x_wconf 73' lang='lat' dir='ltr'>exprobras,</span> <span class='ocrx_word' id='word_1_216' title='bbox 1292 1020 1374 1059; x_wconf 89' lang='lat' dir='ltr'>quod</span> <span class='ocrx_word' id='word_1_217' title='bbox 1401 1028 1491 1051; x_wconf 84' lang='lat' dir='ltr'>carus</span> 
     </span>
     <span class='ocr_line' id='line_1_72' title="bbox 1267 1074 1354 1097; baseline 0 0"><span class='ocrx_word' id='word_1_218' title='bbox 1267 1074 1354 1097; x_wconf 89' lang='lat' dir='ltr'>meus</span> 
     </span>
     <span class='ocr_line' id='line_1_73' title="bbox 992 1113 1488 1152; baseline -0.004 -7"><span class='ocrx_word' id='word_1_219' title='bbox 992 1113 1042 1145; x_wconf 88' lang='lat' dir='ltr'>Sit</span> <span class='ocrx_word' id='word_1_220' title='bbox 1051 1114 1168 1152; x_wconf 86' lang='lat' dir='ltr'>calvus,</span> <span class='ocrx_word' id='word_1_221' title='bbox 1175 1113 1325 1152; x_wconf 89' lang='lat' dir='ltr'>numquid</span> <span class='ocrx_word' id='word_1_222' title='bbox 1331 1113 1488 1152; x_wconf 83' lang='lat' dir='ltr'>Elisaeus‚</span> 
     </span>
     <span class='ocr_line' id='line_1_74' title="bbox 1039 1159 1470 1201; baseline -0.002 -10"><span class='ocrx_word' id='word_1_223' title='bbox 1039 1161 1097 1192; x_wconf 88' lang='lat' dir='ltr'>Vir</span> <span class='ocrx_word' id='word_1_224' title='bbox 1120 1160 1237 1201; x_wconf 88' lang='lat' dir='ltr'>calvus,</span> <span class='ocrx_word' id='word_1_225' title='bbox 1263 1159 1470 1191; x_wconf 86' lang='lat' dir='ltr'>illudentibus</span> 
     </span>
     <span class='ocr_line' id='line_1_75' title="bbox 990 1206 1489 1247; baseline -0.004 -8"><span class='ocrx_word' id='word_1_226' title='bbox 990 1208 1021 1239; x_wconf 92' lang='lat' dir='ltr'>A</span> <span class='ocrx_word' id='word_1_227' title='bbox 1046 1207 1152 1247; x_wconf 85' lang='lat' dir='ltr'>pueris</span> <span class='ocrx_word' id='word_1_228' title='bbox 1179 1207 1250 1238; x_wconf 91' lang='lat' dir='ltr'>dum</span> <span class='ocrx_word' id='word_1_229' title='bbox 1267 1206 1489 1245; x_wconf 84' lang='lat' dir='ltr'>subsannatur,</span> 
     </span>
     <span class='ocr_line' id='line_1_76' title="bbox 986 1253 1428 1286; baseline -0.005 0"><span class='ocrx_word' id='word_1_230' title='bbox 986 1254 1128 1286; x_wconf 86' lang='lat' dir='ltr'>Irridens</span> <span class='ocrx_word' id='word_1_231' title='bbox 1153 1253 1247 1285; x_wconf 88' lang='lat' dir='ltr'>turba</span> <span class='ocrx_word' id='word_1_232' title='bbox 1269 1254 1428 1285; x_wconf 87' lang='lat' dir='ltr'>laceratur</span> 
     </span>
     <span class='ocr_line' id='line_1_77' title="bbox 1038 1298 1457 1333; baseline -0.005 0"><span class='ocrx_word' id='word_1_233' title='bbox 1038 1302 1089 1333; x_wconf 92' lang='lat' dir='ltr'>Ab</span> <span class='ocrx_word' id='word_1_234' title='bbox 1115 1301 1197 1332; x_wconf 88' lang='lat' dir='ltr'>ursis</span> <span class='ocrx_word' id='word_1_235' title='bbox 1222 1298 1457 1332; x_wconf 75' lang='lat' dir='ltr'>saevientibus?</span> 
     </span>
    </p>
   </div>
   <div class='ocr_carea' id='block_1_24' title="bbox 990 1384 1490 1707">
    <p class='ocr_par' dir='ltr' id='par_1_28' title="bbox 990 1384 1490 1707">
     <span class='ocr_line' id='line_1_78' title="bbox 993 1384 1490 1425; baseline -0.004 -8"><span class='ocrx_word' id='word_1_236' title='bbox 993 1385 1193 1425; x_wconf 79' lang='lat' dir='ltr'>Quapropter</span> <span class='ocrx_word' id='word_1_237' title='bbox 1216 1384 1335 1425; x_wconf 87' lang='lat' dir='ltr'>probra</span> <span class='ocrx_word' id='word_1_238' title='bbox 1358 1393 1420 1416; x_wconf 88' lang='lat' dir='ltr'>non</span> <span class='ocrx_word' id='word_1_239' title='bbox 1444 1385 1490 1416; x_wconf 93' lang='lat' dir='ltr'>lo-</span> 
     </span>
     <span class='ocr_line' id='line_1_79' title="bbox 1269 1432 1385 1471; baseline 0 -9"><span class='ocrx_word' id='word_1_240' title='bbox 1269 1432 1385 1471; x_wconf 84' lang='lat' dir='ltr'>quaris,</span> 
     </span>
     <span class='ocr_line' id='line_1_80' title="bbox 992 1476 1432 1511; baseline -0.005 0"><span class='ocrx_word' id='word_1_241' title='bbox 992 1480 1042 1511; x_wconf 87' lang='lat' dir='ltr'>Ne</span> <span class='ocrx_word' id='word_1_242' title='bbox 1068 1478 1126 1510; x_wconf 88' lang='lat' dir='ltr'>tali</span> <span class='ocrx_word' id='word_1_243' title='bbox 1151 1476 1216 1509; x_wconf 86' lang='lat' dir='ltr'>fato</span> <span class='ocrx_word' id='word_1_244' title='bbox 1244 1479 1432 1509; x_wconf 84' lang='lat' dir='ltr'>consumaris</span> 
     </span>
     <span class='ocr_line' id='line_1_81' title="bbox 1036 1525 1389 1564; baseline -0.006 -6"><span class='ocrx_word' id='word_1_245' title='bbox 1036 1526 1081 1558; x_wconf 87' lang='lat' dir='ltr'>Et</span> <span class='ocrx_word' id='word_1_246' title='bbox 1104 1533 1217 1564; x_wconf 86' lang='lat' dir='ltr'>pereas</span> <span class='ocrx_word' id='word_1_247' title='bbox 1242 1525 1389 1563; x_wconf 88' lang='lat' dir='ltr'>velocius,</span> 
     </span>
     <span class='ocr_line' id='line_1_82' title="bbox 990 1572 1471 1614; baseline -0.004 -8"><span class='ocrx_word' id='word_1_248' title='bbox 990 1574 1036 1606; x_wconf 92' lang='lat' dir='ltr'>Ut</span> <span class='ocrx_word' id='word_1_249' title='bbox 1060 1572 1263 1614; x_wconf 84' lang='lat' dir='ltr'>quadriginta</span> <span class='ocrx_word' id='word_1_250' title='bbox 1292 1572 1372 1604; x_wconf 86' lang='lat' dir='ltr'>duae</span> <span class='ocrx_word' id='word_1_251' title='bbox 1396 1581 1471 1604; x_wconf 85' lang='lat' dir='ltr'>vere</span> 
     </span>
     <span class='ocr_line' id='line_1_83' title="bbox 990 1620 1400 1658; baseline -0.007 -5"><span class='ocrx_word' id='word_1_252' title='bbox 990 1621 1080 1653; x_wconf 87' lang='lat' dir='ltr'>Tunc</span> <span class='ocrx_word' id='word_1_253' title='bbox 1102 1620 1249 1650; x_wconf 86' lang='lat' dir='ltr'>illusores</span> <span class='ocrx_word' id='word_1_254' title='bbox 1274 1620 1400 1658; x_wconf 84' lang='lat' dir='ltr'>periere</span> 
     </span>
     <span class='ocr_line' id='line_1_84' title="bbox 1036 1667 1475 1707; baseline -0.005 -7"><span class='ocrx_word' id='word_1_255' title='bbox 1036 1667 1182 1706; x_wconf 86' lang='lat' dir='ltr'>Discepti</span> <span class='ocrx_word' id='word_1_256' title='bbox 1207 1675 1300 1706; x_wconf 89' lang='lat' dir='ltr'>quam</span> <span class='ocrx_word' id='word_1_257' title='bbox 1327 1667 1475 1707; x_wconf 86' lang='lat' dir='ltr'>atrocius.</span> 
     </span>
    </p>
   </div>
   <div class='ocr_carea' id='block_1_25' title="bbox 988 1751 1491 2117">
    <p class='ocr_par' dir='ltr' id='par_1_29' title="bbox 988 1751 1491 2117">
     <span class='ocr_line' id='line_1_85' title="bbox 991 1751 1466 1786; baseline -0.006 -1"><span class='ocrx_word' id='word_1_258' title='bbox 991 1754 1163 1786; x_wconf 85' lang='lat' dir='ltr'>Praeterea</span> <span class='ocrx_word' id='word_1_259' title='bbox 1189 1751 1338 1783; x_wconf 90' lang='lat' dir='ltr'>dilectum</span> <span class='ocrx_word' id='word_1_260' title='bbox 1363 1759 1466 1783; x_wconf 87' lang='lat' dir='ltr'>meum</span> 
     </span>
     <span class='ocr_line' id='line_1_86' title="bbox 990 1799 1491 1838; baseline -0.008 -5"><span class='ocrx_word' id='word_1_261' title='bbox 990 1801 1069 1833; x_wconf 84' lang='lat' dir='ltr'>Cum</span> <span class='ocrx_word' id='word_1_262' title='bbox 1119 1799 1286 1830; x_wconf 83' lang='lat' dir='ltr'>detestaris</span> <span class='ocrx_word' id='word_1_263' title='bbox 1332 1801 1491 1838; x_wconf 86' lang='lat' dir='ltr'>tamquam</span> 
     </span>
     <span class='ocr_line' id='line_1_87' title="bbox 1267 1855 1355 1878; baseline -0.023 0"><span class='ocrx_word' id='word_1_264' title='bbox 1267 1855 1355 1878; x_wconf 88' lang='lat' dir='ltr'>reum</span> 
     </span>
     <span class='ocr_line' id='line_1_88' title="bbox 1039 1893 1416 1933; baseline -0.013 -5"><span class='ocrx_word' id='word_1_265' title='bbox 1039 1895 1086 1928; x_wconf 89' lang='lat' dir='ltr'>Ob</span> <span class='ocrx_word' id='word_1_266' title='bbox 1112 1894 1226 1933; x_wconf 87' lang='lat' dir='ltr'>capitis</span> <span class='ocrx_word' id='word_1_267' title='bbox 1256 1893 1416 1924; x_wconf 89' lang='lat' dir='ltr'>calvitium</span> 
     </span>
     <span class='ocr_line' id='line_1_89' title="bbox 988 1940 1491 1981; baseline -0.008 -6"><span class='ocrx_word' id='word_1_268' title='bbox 988 1943 1033 1975; x_wconf 86' lang='lat' dir='ltr'>Et</span> <span class='ocrx_word' id='word_1_269' title='bbox 1053 1945 1140 1973; x_wconf 83' lang='lat' dir='ltr'>tunm</span> <span class='ocrx_word' id='word_1_270' title='bbox 1165 1940 1312 1981; x_wconf 83' lang='lat' dir='ltr'>praefers</span> <span class='ocrx_word' id='word_1_271' title='bbox 1334 1942 1491 1972; x_wconf 84' lang='lat' dir='ltr'>monstru-</span> 
     </span>
     <span class='ocr_line' id='line_1_90' title="bbox 1267 1996 1365 2027; baseline -0.02 -7"><span class='ocrx_word' id='word_1_272' title='bbox 1267 1996 1365 2027; x_wconf 86' lang='lat' dir='ltr'>osum,</span> 
     </span>
     <span class='ocr_line' id='line_1_91' title="bbox 988 2035 1489 2074; baseline -0.008 -5"><span class='ocrx_word' id='word_1_273' title='bbox 988 2037 1153 2069; x_wconf 86' lang='lat' dir='ltr'>Hirsutum</span> <span class='ocrx_word' id='word_1_274' title='bbox 1174 2036 1275 2068; x_wconf 89' lang='lat' dir='ltr'>virum</span> <span class='ocrx_word' id='word_1_275' title='bbox 1295 2037 1325 2066; x_wconf 91' lang='grc'>61</span> <span class='ocrx_word' id='word_1_276' title='bbox 1345 2035 1489 2074; x_wconf 87' lang='lat' dir='ltr'>pilosum,</span> 
     </span>
     <span class='ocr_line' id='line_1_92' title="bbox 1038 2082 1458 2117; baseline -0.01 0"><span class='ocrx_word' id='word_1_277' title='bbox 1038 2084 1213 2117; x_wconf 83' lang='lat' dir='ltr'>Committis</span> <span class='ocrx_word' id='word_1_278' title='bbox 1238 2091 1314 2115; x_wconf 89' lang='lat' dir='ltr'>vere</span> <span class='ocrx_word' id='word_1_279' title='bbox 1336 2082 1458 2113; x_wconf 89' lang='lat' dir='ltr'>vitium.</span> 
     </span>
    </p>
   </div>
   <div class='ocr_carea' id='block_1_26' title="bbox 987 2170 1491 2443">
    <p class='ocr_par' dir='ltr' id='par_1_30' title="bbox 987 2170 1491 2443">
     <span class='ocr_line' id='line_1_93' title="bbox 987 2170 1488 2210; baseline -0.008 -8"><span class='ocrx_word' id='word_1_280' title='bbox 987 2170 1069 2210; x_wconf 79' lang='lat' dir='ltr'>Quid</span> <span class='ocrx_word' id='word_1_281' title='bbox 1086 2177 1221 2208; x_wconf 88' lang='lat' dir='ltr'>namque</span> <span class='ocrx_word' id='word_1_282' title='bbox 1238 2177 1311 2200; x_wconf 84' lang='lat' dir='ltr'>caro</span> <span class='ocrx_word' id='word_1_283' title='bbox 1328 2170 1381 2199; x_wconf 87' lang='lat' dir='ltr'>tuo</span> <span class='ocrx_word' id='word_1_284' title='bbox 1396 2175 1488 2206; x_wconf 86' lang='lat' dir='ltr'>prae-</span> 
     </span>
     <span class='ocr_line' id='line_1_94' title="bbox 1267 2217 1341 2255; baseline -0.014 -8"><span class='ocrx_word' id='word_1_285' title='bbox 1267 2217 1341 2255; x_wconf 77' lang='lat' dir='ltr'>stat,</span> 
     </span>
     <span class='ocr_line' id='line_1_95' title="bbox 990 2261 1491 2304; baseline -0.012 -7"><span class='ocrx_word' id='word_1_286' title='bbox 990 2265 1079 2304; x_wconf 77' lang='lat' dir='ltr'>Quod</span> <span class='ocrx_word' id='word_1_287' title='bbox 1102 2266 1151 2295; x_wconf 88' lang='lat' dir='ltr'>est</span> <span class='ocrx_word' id='word_1_288' title='bbox 1169 2264 1290 2303; x_wconf 86' lang='lat' dir='ltr'>pilosus</span> <span class='ocrx_word' id='word_1_289' title='bbox 1299 2261 1314 2293; x_wconf 65' lang='grc' dir='ltr'>Ξ·</span> <span class='ocrx_word' id='word_1_290' title='bbox 1339 2261 1491 2301; x_wconf 87' lang='lat' dir='ltr'>numquid</span> 
     </span>
     <span class='ocr_line' id='line_1_96' title="bbox 1267 2312 1378 2349; baseline -0.018 -7"><span class='ocrx_word' id='word_1_291' title='bbox 1267 2312 1378 2349; x_wconf 77' lang='lat' dir='ltr'>restat,</span> 
     </span>
     <span class='ocr_line' id='line_1_97' title="bbox 1037 2355 1491 2399; baseline -0.015 -7"><span class='ocrx_word' id='word_1_292' title='bbox 1037 2359 1125 2399; x_wconf 72' lang='lat' dir='ltr'>Quod</span> <span class='ocrx_word' id='word_1_293' title='bbox 1139 2367 1262 2390; x_wconf 85' lang='lat' dir='ltr'>vermes</span> <span class='ocrx_word' id='word_1_294' title='bbox 1275 2358 1337 2388; x_wconf 88' lang='lat' dir='ltr'>sint</span> <span class='ocrx_word' id='word_1_295' title='bbox 1350 2357 1381 2387; x_wconf 88' lang='lat' dir='ltr'>in</span> <span class='ocrx_word' id='word_1_296' title='bbox 1397 2355 1491 2386; x_wconf 88' lang='lat' dir='ltr'>crini-</span> 
     </span>
     <span class='ocr_line' id='line_1_98' title="bbox 1268 2404 1337 2443; baseline -0.014 -8"><span class='ocrx_word' id='word_1_297' title='bbox 1268 2404 1337 2443; x_wconf 84' lang='lat' dir='ltr'>bus,</span> 
     </span>
    </p>
   </div>
  </div>
 </body>
</html>
