1655 2573
659 98 893 134 -31„-

163 219 171 227 .
198 192 361 236 Gaude,
391 195 480 235 virgo
505 203 631 236 semper
654 204 746 235 pura,

198 240 248 274 Sit
273 240 314 273 de
336 241 428 273 nobis
453 242 513 274 tibi
538 251 624 283 cura,

197 288 277 321 Tela
299 288 400 320 hostis
424 287 537 330 frange
561 290 650 332 dura,

198 334 318 368 Nostra
341 344 382 368 ne
407 336 502 369 cadat
525 341 650 370 natura.

816 196 850 229 4.
875 195 999 236 Vale,
1024 195 1144 227 rectrix
1168 195 1351 236 angelorum

873 242 918 274 Et
943 242 1102 275 domatrix
1123 244 1325 280 tartarorum,

872 289 1006 322 Veniam
1033 290 1074 321 da
1097 292 1299 328 peccatorum

873 337 978 377 Atque
1006 337 1108 368 locum
1136 336 1307 369 beatorum.

537 394 562 426 O
586 393 700 433 Maria,
726 396 827 425 mater
850 393 913 436 pia,

537 441 593 472 Me
621 443 655 472 tu
680 441 769 472 salva
794 440 846 472 hic
868 440 901 472 in
926 440 987 474 via.

481 567 530 599 42.
557 568 662 599 Oratio
685 568 819 599 secunda
840 568 879 599 ad
898 568 1035 600 eandem.

165 680 172 687 .
199 658 303 698 Ave,
332 657 453 688 caelum
478 656 640 695 trinitatis,

196 703 302 735 Maria
328 702 385 735 flos
411 703 621 744 amoenitatis,

198 750 269 782 Lux
291 752 441 783 aeternae
466 750 630 789 claritatis,

196 796 299 829 Terra
324 806 356 829 es
380 796 566 830 fertilitatis.

162 880 170 886 .
197 853 324 892 Salve,
351 853 433 894 fons,
451 855 505 893 qui
520 854 622 885 stillas
640 855 743 893 melle,

199 901 289 933 Lava
315 910 372 932 nos
397 901 520 940 peccati
546 900 631 940 felle,

198 947 267 979 Fac
294 957 353 980 nos
377 956 473 987 puros
498 948 600 980 instar
623 948 744 985 stellae,

197 995 281 1027 Dum
307 995 447 1027 vivamus
472 995 506 1027 in
529 994 590 1027 hac
613 995 706 1028 valle.

816 659 847 691 3.
876 657 1037 699 Gaude,
1063 658 1231 697 paradisus
1253 658 1325 697 Dei,

872 706 1000 736 Ancora
1025 712 1057 735 es
1082 708 1211 736 sanctae
1234 706 1314 744 spei,

874 752 928 784 Ad
957 760 1050 790 quam
1076 754 1208 784 currunt
1230 760 1336 783 omnes
1361 761 1419 790 rei,

872 798 951 830 Esto
976 807 1095 830 memor
1120 807 1244 839 semper
1268 798 1339 830 mei.

842 881 849 887 .
874 854 995 896 Vale,
1021 864 1076 886 vas
1101 854 1317 896 perfectionis,

872 902 979 934 Mater
1002 901 1241 943 benedictionis,

874 948 967 981 Scala
991 949 1034 980 sis
1060 949 1251 980 ascensionis

872 995 926 1028 Ad
949 1004 1053 1028 arcem
1077 994 1246 1030 fruitionis.

536 1052 561 1084 Ο
586 1051 701 1091 Maria,
727 1060 838 1091 preces
863 1052 938 1084 audi

534 1099 579 1130 Et
602 1107 653 1130 me
677 1107 760 1131 nunc
782 1099 815 1131 in
839 1099 888 1131 his
915 1100 1038 1132 exaudi.

257 1226 306 1258 43.
337 1227 422 1257 Hanc
441 1225 614 1258 orationem
634 1226 883 1266 deprecatoriam
901 1226 1061 1259 revelavit
1079 1228 1172 1259 beata
1191 1227 1291 1259 Maria

628 1274 742 1306 beatae
761 1274 928 1314 Birgittae.

162 1388 169 1395 .
197 1362 356 1402 Gaude,
381 1362 470 1403 virgo
495 1363 642 1404 gloriosa,

243 1408 381 1441 Verbum
407 1409 503 1441 verbo
528 1410 709 1450 concepisti,

197 1457 225 1490 G
233 1466 280 1488 au
292 1456 312 1488 d
322 1465 356 1495 e,
382 1456 478 1489 tellus
502 1455 674 1495 fructuosa,

240 1503 392 1535 Fructum
418 1504 503 1537 vitae
526 1503 697 1544 protulisti.

814 1365 845 1397 2.
873 1362 958 1396 Gau
970 1363 990 1395 d
1001 1372 1034 1407 e,
1060 1372 1143 1403 rosa,
1161 1373 1278 1404 sponsa
1291 1364 1420 1403 Christi,

914 1410 1057 1442 Vernaus
1066 1407 1217 1454 [Christo]
1226 1414 1420 1453 resurgente,

872 1456 899 1489 G
910 1466 957 1488 au
968 1457 987 1489 d
998 1466 1030 1500 e,
1062 1459 1165 1489 mater
1188 1458 1334 1499 gloriosa,

916 1501 1075 1548 [Christo]
1095 1505 1200 1538 caelos
1217 1507 1418 1539 ascendente.

519 1561 550 1594 3.
578 1559 739 1603 Gaude,
767 1559 875 1592 fruens
902 1560 1024 1593 deliciis

621 1607 715 1640 Nunc
739 1616 813 1640 rosa
836 1608 944 1640 iuncta
967 1608 1047 1647 lilio,

572 1655 720 1688 Emunda
743 1664 800 1688 nos
821 1664 840 1686 a
863 1656 949 1688 vitiis

619 1702 664 1734 Et
685 1702 781 1744 iunge
804 1706 857 1734 tuo
881 1702 957 1737 filio.

553 1835 602 1866 44.
634 1835 737 1867 Oratio
760 1836 798 1867 ad
819 1844 842 1868 s.
863 1837 983 1877 Ioseph.

158 1944 164 1951 .
190 1917 294 1956 Ave,
320 1915 446 1955 Ioseph,
472 1914 541 1947 Deo
565 1917 683 1955 gratus,

193 1963 243 1996 De
266 1963 367 2004 regali
390 1962 493 2003 stirpe
515 1964 619 2001 natus,

190 2011 303 2044 Honor
326 2010 385 2042 tibi
411 2013 458 2042 est
483 2009 626 2049 collatus,

192 2058 333 2099 Sponsus
359 2066 392 2090 es
418 2057 543 2090 Mariae
567 2057 669 2091 datus.

158 2141 165 2148 .
191 2115 336 2155 Salve,
364 2113 480 2155 Ioseph
504 2115 713 2156 praeelectae,

190 2163 317 2196 Cunctis
351 2163 468 2195 sanctis
494 2171 527 2194 es
546 2160 738 2203 praefectus,

189 2210 291 2243 Purus
317 2210 404 2251 virgo
428 2218 488 2242 nec
511 2208 659 2250 infectus,

189 2257 249 2299 Da,
274 2260 312 2290 ut
334 2257 404 2291 Deo
428 2258 485 2290 sim
514 2257 659 2291 dilectus.

813 1918 844 1950 3.
872 1917 1032 1960 Gaude,
1059 1919 1151 1957 pater
1177 1918 1247 1949 Iesu
1273 1917 1390 1950 Christi

871 1964 1046 2004 Putativus,
1073 1973 1166 2005 quem
1189 1965 1321 1997 nutristi

869 2011 914 2044 Et
937 2012 1073 2044 Mariam
1101 2011 1277 2051 custodisti,

870 2059 969 2092 Serva
992 2069 1049 2091 nos
1075 2069 1093 2091 a
1117 2063 1220 2092 morte
1244 2060 1338 2093 tristi.

836 2141 843 2148 .
871 2116 991 2156 Vale,
1018 2125 1152 2157 sponsus
1177 2120 1213 2148 tu
1236 2116 1369 2160 Mariae,

869 2164 934 2196 Nos
961 2165 1146 2197 commenda
1170 2164 1223 2196 hic
1246 2164 1395 2207 Messiae,

870 2212 956 2251 Quae
980 2221 1136 2253 rogamus,
1163 2211 1257 2245 adfer
1280 2213 1344 2254 pie,

866 2259 947 2291 Frui
973 2259 1014 2292 da
1037 2263 1167 2292 aeterno
1187 2259 1248 2294 die.

528 2314 552 2349 O
580 2317 714 2355 creator,
741 2325 852 2356 preces
877 2316 953 2349 audi

524 2362 569 2396 Et
590 2371 649 2404 per
675 2372 746 2397 eum
771 2374 829 2397 nos
855 2364 980 2398 exaudi.
