1655 2573
742 112 998 149 —104-a—

642 206 710 237 200.
739 205 781 236 De
803 207 911 236 sancta
932 200 1096 236 Genovefa.

235 284 265 317 1.
292 284 413 326 Gaude,
436 293 551 324 sponsa
577 284 695 316 Christi
720 293 804 324 cara,
968 280 1090 320 Gaude,
1117 279 1199 319 quod
1226 280 1279 331 tua
1305 277 1430 308 caecata

294 329 455 364 Genovefa
479 332 575 370 signis
599 332 685 362 clara
967 329 1073 361 Mater
1099 329 1147 358 est
1170 326 1358 377 illuminata,

339 377 383 410 Et
404 378 556 409 virtutum
581 378 691 416 gratia,
1012 375 1093 407 Dum
1115 371 1208 404 fleres
1231 371 1401 402 uberrime.

293 424 413 465 Gaude’
440 423 579 475 qu⁰d.i¹¹
606 423 708 454 cordis
734 432 789 454 am
910 442 941 474 3,
967 439 1088 476 Gaude,
1115 437 1199 477 quod
1225 444 1335 475 aegros
1361 434 1481 466 sanasti

293 470 413 502 Cuncta
437 469 544 500 mundl
569 471 604 500 ut
627 477 735 501 amara
967 485 1011 518 Et
1035 487 1164 516 vexatos
1190 482 1334 514 liberasti

338 516 492 554 spreViSti
517 515 643 547 SOlaCia·
1013 531 1157 570 Nequam
1181 539 1201 561 a
1225 527 1411 566 daemoniis,

232 583 263 612 2.
291 579 411 623 Gaude,
439 580 562 611 Christo
589 580 743 619 dedicata,
968 577 1079 610 Gaude
1102 585 1194 616 nunc,
1221 574 1409 607 Parisiensis
1463 621 1470 627 .

288 627 351 658 Per
376 626 565 659 Germanum
591 626 766 659 confortata
965 626 1072 666 Virgo,
1099 624 1182 663 quod
1208 623 1303 653 caelis
1327 622 1489 653 imme11S1s

337 674 448 705 Verbis
474 673 690 713 sa1uberrime,
1011 671 1162 703 Exsultas
1188 668 1348 710 tripudiis

616 740 648 771 4.
674 739 798 771 Ablatis
824 739 935 777 culpae
959 737 1085 769 offensis

674 786 878 816 Muneremur
903 785 980 815 caeli
1008 784 1109 815 censis

725 833 788 863 Per
810 835 842 862 te
863 833 958 869 atque
984 830 1118 870 gaudiis.

292 915 372 943 Orat.
398 924 450 943 ms.
476 915 665 942 Trudonense
690 923 739 942 sae
759 934 765 940 .
788 913 832 942 16.
869 913 940 942 Cod.
967 914 1104 941 Leodien.
1130 910 1196 941 395.
1223 928 1260 932 —
1292 910 1318 944 2,
1338 911 1356 941 3
1385 912 1512 940 saluber-

220 954 311 980 rimis.
332 966 368 972 —-
388 950 416 986 3,
440 950 458 980 3
482 953 643 980 daemonio.

644 1089 706 1121 201.
736 1091 780 1121 De
800 1091 906 1122 sancto
928 1090 1087 1130 Gregorio.

230 1169 258 1200 1.
285 1167 397 1201 Gaude
421 1172 452 1200 te
478 1177 546 1201 esse
571 1173 726 1208 vocatum,
965 1171 1085 1213 Gaude,
1113 1171 1186 1211 quia
1210 1173 1242 1202 te
1266 1170 1413 1202 studente

281 1214 426 1256 Gregori,
451 1216 493 1248 ad
517 1216 733 1256 praesulatum
963 1218 1121 1257 organum
1147 1218 1261 1250 devota
1285 1221 1389 1249 mente

329 1262 426 1294 Urbis
450 1263 570 1294 Romae
599 1264 723 1306 caelice,
1009 1264 1091 1297 Eras
1117 1265 1219 1297 sancti
1243 1265 1384 1304 spiritus.

284 1308 397 1341 Gande
420 1310 591 1341 Traianum
621 1311 799 1342 damnatum
906 1331 936 1362 3.
965 1330 1086 1370 Gaude,
1113 1331 1195 1371 quod
1222 1331 1365 1362 caelestis
1393 1331 1506 1371 chori,-

280 1355 344 1387 Per
366 1357 399 1386 te
422 1364 490 1387 esse
514 1356 680 1388 liberatum
965 1376 1081 1417 Magne
1106 1378 1217 1409 doctor
1242 1386 1260 1408 0
1285 1377 1429 1417 Gregorj,

329 1403 358 1433 A
383 1411 493 1441 poems
518 1402 660 1435 mmfice·
1010 1423 1145 1456 Consors
1172 1433 1204 1455 es
1225 1425 1418 1466 perenniter,

224 1469 256 1499 2.
285 1466 405 1509 Gaude,
432 1468 504 1508 quia
526 1477 631 1500 coram
655 1472 748 1509 gente
960 1471 1009 1502 Tu
1033 1480 1100 1510 Βοε,
1127 1480 1195 1504 cum
1223 1471 1372 1503 debemus
1397 1472 1487 1514 mori,

285 1513 405 1553 Corpus
431 1514 549 1547 Christi
574 1519 606 1547 te
630 1520 757 1554 petente
959 1516 1061 1549 Visita
1086 1520 1118 1548 et
1141 1518 1336 1557 redemptori

329 1560 383 1592 Fit
408 1570 555 1593 carneum
580 1563 734 1602 protinus,
1007 1564 1199 1596 Commenda
1224 1564 1411 1605 benigniter.

286 1643 365 1671 Orat.
395 1653 447 1671 ms.
477 1644 664 1672 Trudonense
697 1653 771 1673 saec.
802 1644 844 1673 16.
874 1647 913 1673 in.
953 1646 1021 1674 God.
1051 1648 1189 1675 Leodien.
1220 1646 1285 1676 395.
1313 1662 1347 1666 —
1378 1646 1403 1683 2,
1428 1647 1448 1676 4
1468 1657 1510 1684 sq.

213 1680 321 1708 Christi
341 1681 375 1708 fit
397 1689 531 1709 carneum
553 1684 581 1709 te
601 1684 734 1718 petente3
753 1685 884 1719 protinus
905 1684 985 1711 fehlt.
1005 1700 1043 1704 —
1062 1682 1089 1718 3,
1112 1684 1127 1712 1
1146 1685 1248 1713 Gaude
1268 1686 1347 1721 quia.

613 1820 680 1850 202.
714 1820 758 1851 De
780 1820 886 1852 sancto
909 1821 1081 1855 Guillelmo.

226 1888 256 1930 i.
285 1887 405 1928 Gaude,
430 1887 488 1920 flos
512 1889 595 1920 inter
618 1889 695 1930 lilia,
958 1892 1092 1932 Sceptra
1116 1894 1225 1926 nolens
1252 1895 1373 1935 regalia

287 1933 382 1967 Cuius
407 1935 499 1968 radix
525 1939 571 1967 est
595 1935 742 1975 Francia,
957 1939 1030 1971 Iure
1054 1943 1187 1979 paterno
1213 1941 1341 1974 tradita.

282 1983 343 2014 Per
368 1991 457 2022 quem
484 1982 621 2023 refulget
644 1983 766 2026 Tuscia,

281 2027 449 2060 Guillelme
473 2028 651 2062 eremicola.
898 2006 929 2037 4'
955 2004 1077 2045 Gaude’
1102 2009 1228 2044 patrum
1255 2006 1415 2037 consortem

956 2050 1139 2083 Sanctorum
1167 2052 1368 2083 devotissima

221 2094 251 2126 2.
280 2093 399 2131 Gaude,
424 2094 456 2125 in
480 2095 653 2134 Aquitania
955 2097 1104 2136 ImitariS‚
1133 2098 1251 2138 palatia

270 2141 354 2177 Dux,
382 2148 484 2171 comes
509 2141 541 2172 iu
567 2142 718 2180 Pictavia,
954 2143 1007 2174 Sic
1031 2147 1161 2183 captans
1186 2144 1354 2183 spiritalia.

278 2186 399 2228 Castra,
428 2186 529 2226 villas,
557 2187 693 2219 dominia

274 2232 424 2264 Habebas
448 2233 648 2271 multiplicia.
894 2210 924 2240 5¹
953 2207 1074 2249 Gande’
1099 2209 1205 2240 maria
1229 2211 1353 2242 medica

951 2254 1019 2285 Tua
1045 2256 1164 2288 curavit
1189 2256 1322 2289 vulnera

216 2299 247 2331 3.
274 2298 394 2338 Gaude,
421 2300 504 2339 quod
532 2307 606 2330 naec
631 2299 734 2331 omnia
950 2300 1075 2333 Inflicta
1098 2311 1156 2341 per
1182 2303 1355 2349 daemonia,

275 2346 427 2387 Sprevisti
454 2346 539 2378 velut
565 2346 649 2389 vilia,
945 2347 1027 2380 Dum
1054 2351 1087 2381 te
1111 2349 1242 2383 trahunt
1266 2360 1304 2384 ex
1331 2355 1454 2389 cellula.
