1655 2573
199 1645 216 1674 [a

216 300 224 307 .
249 276 353 316 Ave,
379 276 472 308 turba
496 276 639 307 virtualis

218 508 225 512 .
252 481 396 523 Salve,
424 481 537 512 chorus
562 483 597 511 tu
620 482 761 511 sacratus
867 482 897 512 4.

714 123 757 129 ..μ
805 102 852 139 40
898 121 947 128 ...-

350 197 393 228 77.
421 197 467 228 Ad
487 196 589 228 decem
608 195 697 227 milia
716 197 890 235 martyrum
907 195 1016 225 devota
1037 190 1138 224 oratio
1159 189 1309 230 sequitur.

868 276 898 307 3.
926 272 1085 312 Gaude,
1113 271 1224 303 cohors
1249 267 1440 309 veneranda,

923 320 1015 352 Omni
1038 318 1133 350 laude
1155 316 1347 357 extollenda,

924 366 1055 399 Praesta
1080 366 1172 406 dona,
1199 372 1278 403 quae
1303 362 1433 402 rogasti,

923 414 1000 446 Cum
1025 413 1067 444 ad
1091 412 1195 443 caelos
1220 409 1364 444 evolasti,

252 323 429 363 Deeiesqne
451 322 630 361 millenalis,

250 370 390 409 Angelus
415 378 507 409 quam
530 368 672 400 visitavit

250 416 295 447 Et
316 416 350 447 in
372 416 438 447 fide
459 414 651 447 informavit.

925 479 1043 520 Vale,
1074 477 1259 509 benedictus
1285 478 1402 516 eoem,

252 528 429 566 Martyrum
454 535 537 558 nunc
561 525 628 558 Deo
653 529 771 567 gratus,

253 573 370 612 Christi
393 574 502 613 poenis
526 571 746 615 conformatus,

251 620 335 651 Miro
360 620 452 651 modo
476 620 652 652 roboratus.

926 525 1010 558 Deus
1035 533 1126 564 quem
1153 523 1293 562 suscepit
1316 522 1429 559 laetus,

925 571 1056 612 Semper
1079 570 1180 602 redde
1205 578 1255 601 me
1279 577 1435 608 securum,

924 618 1041 650 Tecum
1067 617 1186 650 caelum
1210 624 1442 656 possessurum.

672 756 717 787 78.
746 756 793 787 Ad
811 755 975 787 Thebaeus.

217 861 225 868 .
251 837 353 874 Ave,
383 834 495 867 chorus
520 834 736 867 Thebaeorum

256 883 441 921 Martyrum,
469 890 544 922 quos
569 889 624 913 rex
643 882 796 913 caelorum

255 928 364 960 Firma
386 927 450 960 fide
473 927 636 959 roboravit

253 975 297 1006 Et
323 983 467 1006 coronam
490 975 703 1014 praeparavit.

252 1040 273 1072 S
284 1040 350 1071 alv
362 1049 396 1079 e,
420 1040 569 1078 princeps
595 1048 755 1081 generose,

252 1086 276 1118 Ο
301 1085 435 1117 Mauriti
459 1086 603 1127 gloriose,

248 1131 322 1163 Tibi
345 1132 414 1163 laus
441 1141 508 1163 cum
532 1135 588 1164 tua
612 1135 706 1172 gente

249 1178 360 1210 Honor
382 1180 475 1218 atque
498 1188 580 1217 pura
603 1181 719 1211 mente.

869 835 899 867 3.
928 833 1086 873 Gaude,
1113 841 1224 872 agmen
1248 832 1433 874 virtuosum,

927 879 1058 920 Semper
1083 879 1150 911 Deo
1176 880 1359 919 gratiosum,

924 926 976 959 Da
1001 927 1147 959 virtutem
1175 926 1238 958 tuis
1264 925 1369 957 vernis

924 973 969 1005 Et
995 974 1108 1006 laetari
1135 981 1203 1004 cum
1229 972 1385 1013 supernis.

868 1043 900 1073 4.
925 1039 1045 1077 Vale,
1074 1041 1179 1071 coetus
1203 1038 1404 1078 ThebaealiS‚

927 1085 1026 1118 Serva
1054 1095 1111 1118 nos
1135 1095 1156 1117 a
1180 1086 1300 1117 cunctis
1325 1084 1428 1124 malis,

925 1132 1087 1166 Mentibus
1112 1132 1151 1163 da
1177 1140 1261 1164 nunc
1286 1132 1443 1171 decorem,

926 1178 1013 1212 Caeli
1038 1183 1141 1211 tecum
1168 1179 1210 1211 da
1235 1179 1396 1211 honorem.

510 1314 556 1344 79.
585 1313 631 1344 Au
649 1312 848 1345 victoriosum
867 1314 1000 1346 militem
1023 1314 1139 1346 Christi

633 1361 773 1391 sanctum
792 1360 1015 1392 Sebastianum.

219 1466 225 1473 .
251 1441 350 1478 Ave,
377 1438 478 1469 cultor
504 1438 693 1470 christianae

251 1484 354 1527 Fidei,
377 1484 570 1524 sebastiane,

252 1531 410 1570 Integram
436 1540 526 1570 quam
552 1532 604 1563 hic
628 1532 771 1571 servasti,

257 1577 360 1617 Opere
385 1581 416 1609 et
440 1578 671 1611 demonstrasti.

221 1668 228 1675 .
255 1642 397 1685 Salve,
422 1643 599 1682 praeeleete
621 1645 722 1682 miles,

256 1690 292 1721 In
319 1690 456 1729 peccatis
481 1699 537 1721 nos
563 1690 679 1722 seniles

258 1735 368 1767 Gratia
394 1736 500 1768 divina
523 1736 650 1776 munda,

256 1782 305 1813 Ne
328 1791 453 1814 ruamus
478 1783 519 1815 ad
543 1782 712 1822 profunda.

865 1440 895 1471 3.
922 1438 1066 1480 Gaude,
1093 1443 1215 1481 martyr
1238 1443 1272 1472 tu
1292 1442 1467 1481 praeclare,

925 1486 1027 1518 Datus
1052 1488 1123 1519 neci
1148 1491 1212 1519 tam
1236 1496 1372 1530 amarae,

924 1532 1024 1564 Serva
1046 1542 1103 1565 nos
1128 1533 1168 1564 ab
1194 1535 1278 1566 omni
1304 1539 1405 1574 peste,

926 1580 1012 1611 Orna
1035 1588 1090 1611 vos
1116 1580 1242 1612 virtutis
1267 1585 1366 1614 veste.

867 1646 899 1678 4.
927 1645 1052 1686 Vale,
1077 1646 1263 1678 miserorum
1288 1650 1383 1691 tutor,

927 1690 1027 1723 Nobis
1052 1701 1177 1732 semper
1199 1693 1242 1724 sis
1264 1693 1404 1731 adiutor,

925 1739 949 1771 Ο
976 1738 1161 1771 Sebastiane
1185 1740 1278 1781 bone,

929 1784 1016 1817 Caeli
1039 1785 1133 1826 iunge
1157 1796 1214 1818 nos
1241 1796 1384 1822 coronae.

222 2023 229 2030 .
259 1999 365 2037 Ave,
389 2002 496 2031 sancte
519 1998 684 2037 Damiane,

225 2230 233 2237 .
258 2203 405 2242 Salve,
429 2204 529 2235 virtus
554 2203 734 2236 fraternalis
872 2207 904 2237 4.

482 1919 527 1951 80.
556 1920 603 1951 Ad
622 1921 762 1952 sanetum
782 1921 918 1953 cosmam
937 1923 971 1953 et
989 1923 1180 1955 Damianum.

870 2001 903 2034 3.
929 2000 1082 2042 Gaude,
1099 2002 1184 2035 salus
1201 2012 1284 2034 nuno
1301 2004 1476 2047 amborum,

930 2050 1013 2088 Quos
1037 2048 1173 2081 honorat
1195 2049 1287 2089 plebs
1311 2049 1475 2089 iustorum,

931 2094 1032 2126 Nobis
1057 2095 1131 2126 date
1154 2095 1338 2135 sospitatem

930 2139 974 2172 Et
998 2149 1067 2172 cum
1093 2142 1211 2173 cunctis
1237 2142 1411 2175 caritatem.

257 2045 302 2076 Et
324 2047 369 2084 tu,
397 2046 510 2078 Cosma
535 2046 714 2088 christiane,

256 2092 477 2131 Martyresque
500 2092 568 2124 Deo
596 2093 693 2132 digni,

257 2138 379 2170 Medici
405 2139 524 2170 cunctis
549 2139 684 2178 benigni.

930 2206 1048 2246 Vale,
1074 2206 1230 2238 Damiane
1252 2207 1315 2252 pie,

929 2252 974 2284 Et
996 2256 1040 2296 tu,
1069 2253 1192 2297 Cosma‚
1219 2255 1304 2286 omni
1330 2255 1391 2295 die,

928 2299 1055 2331 Florem
1083 2300 1157 2332 date
1179 2309 1264 2333 nune
1289 2301 1438 2336 virtutum

927 2346 972 2378 Et
995 2346 1028 2378 in
1054 2347 1174 2379 eaelum
1199 2348 1262 2380 iter
1286 2352 1397 2384 tutum.

255 2250 323 2282 Neo
346 2249 465 2281 infecta
487 2250 561 2282 ullis
588 2251 687 2293 malis,

255 2297 370 2329 Manus
395 2297 455 2329 Dei
480 2306 571 2337 quam
596 2299 697 2329 erexit

253 2344 295 2376 Et
323 2345 355 2376 in
379 2344 489 2384 poenis
514 2344 566 2375 hic
588 2344 736 2385 protexit,
