1655 2573
411 1152 429 1185 5

384 2243 438 2276 10.

658 112 890 147 —67-

549 208 612 240 148.
641 210 683 241 De
702 212 808 242 saneto
832 210 994 243 clemente.

435 312 442 319 .
468 287 615 320 Summae
638 298 750 329 gerens
773 290 862 329 signa
888 290 1072 322 clementiae

466 335 620 376 Clemens,
643 337 770 376 praesul
794 337 963 376 splendens
989 338 1149 377 eeclesiae,

469 382 508 414 In
530 384 663 422 perenni
687 383 883 424 triumphans
907 384 1026 425 requie,

469 428 556 461 Tuae
579 438 691 470 preces
716 431 790 463 audi
816 430 963 463 familiae.

434 530 441 537 .
468 504 533 536 Iam
559 513 631 536 cum
653 506 749 537 Petro
773 515 887 545 regnas
910 506 944 538 in
966 506 1101 545 superis,

467 551 556 582 Petri
573 551 669 591 digne
692 560 854 585 successor
878 552 1004 595 diceris,

466 597 520 629 Ad
543 597 604 629 hoc
629 600 716 629 certe
738 599 901 638 praelatus
926 599 1050 639 ceteris,

468 642 515 676 Ut
538 644 582 675 sis
606 644 686 676 recti
709 647 815 677 rector
838 646 971 679 itineris.

434 742 441 750 .
468 718 513 751 Ut
538 720 709 752 concordet
732 729 811 760 opus
837 729 906 752 cum
931 720 1065 760 nomine,

468 759 623 805 clemens,
649 767 740 799 nobis
767 768 937 800 clementer
960 767 1077 806 obtine,

469 813 515 846 Ut
539 814 667 846 exclusa
690 815 794 847 cordis
820 814 953 855 caligine

467 860 700 893 perfundamur
723 862 850 894 caelesti
873 861 1001 895 lumine.

471 935 575 967 Verbo
601 936 714 976 clarae,
743 937 806 968 vita
830 936 1022 979 spectabilis,

466 981 549 1014 Fide
572 982 675 1022 fortiS,
702 984 818 1015 virtute
842 983 975 1020 stabilis,

467 1028 623 1061 Vitiorum
650 1032 830 1070 contemptu
853 1029 978 1069 nobilis,

463 1076 580 1116 Magna
604 1085 716 1116 gerens
738 1080 842 1109 mente
866 1080 914 1109 sat
939 1077 1074 1109 humilis.

435 1176 443 1184 .
469 1152 547 1185 Visa
566 1152 654 1192 parit
675 1152 777 1184 virtus
800 1153 964 1193 invidiam,

469 1198 580 1231 Gentis
604 1208 724 1238 pravae
746 1200 879 1231 turbans
903 1198 1081 1239 perfidiam,

467 1246 553 1286 Quae
576 1249 741 1285 paternam
765 1248 952 1287 impugnans
977 1247 1109 1286 gloriam

466 1293 567 1326 Arma
590 1293 673 1334 gerit
695 1293 728 1326 in
753 1302 862 1326 necem
884 1294 1057 1335 propriam.

434 1393 441 1400 .
469 1367 515 1401 Ut
537 1369 580 1400 sit.
603 1368 642 1400 ab
668 1369 728 1401 hac
752 1371 842 1408 peste
865 1377 953 1400 mens
978 1368 1089 1411 libera,

467 1415 554 1447 Piam
581 1415 726 1448 Clemens
750 1425 842 1456 opem
866 1416 1019 1455 accelera,

467 1462 515 1495 Ut
538 1461 680 1495 fraterna
703 1466 868 1503 portantes
889 1471 987 1495 onera

464 1509 674 1551 Reportemus
698 1510 855 1551 promissa
876 1519 1016 1542 munera.

435 1612 442 1618 .
470 1586 568 1618 Curas
593 1595 689 1626 agens
713 1586 774 1618 luit
800 1586 932 1619 celerius

468 1633 536 1666 Zeli
562 1634 686 1675 eulpam
712 1632 798 1665 ferus
824 1633 991 1673 Sisinnius‚

464 1680 529 1713 Sed
552 1681 594 1713 ad
618 1680 714 1713 fidem
739 1690 922 1713 conversum
948 1680 1040 1713 cit-ius

467 1727 549 1761 Solis
574 1728 643 1761 veri
667 1727 832 1768 perfundit
855 1728 975 1762 radius

433 1827 441 1836 .
467 1803 590 1842 Mundi,
620 1804 774 1845 Clemens,
800 1804 931 1837 lucerna
955 1804 1097 1847 celebris,

468 1851 519 1883 Ab
544 1851 676 1884 internis
700 1861 757 1884 nos
778 1861 881 1893 purga
903 1852 1053 1891 tenebris,

467 1898 517 1931 Ne
540 1900 674 1932 terrenis
698 1908 825 1940 pressos
848 1899 1009 1932 illecebris

467 1945 590 1979 Umbra
613 1949 725 1988 gravet
750 1946 858 1979 delicti
879 1946 1031 1980 funebris.

434 2046 440 2053 .
467 2023 521 2055 Ad
546 2022 680 2056 salutem
704 2023 819 2056 missus
844 2021 995 2062 fidelium,

468 2071 551 2109 Quos
573 2079 632 2111 pro
659 2070 784 2103 Christo
808 2071 927 2111 pressit
948 2071 1102 2108 exsilium,

468 2118 516 2151 Ob
543 2118 641 2151 divini
665 2118 755 2150 verbi
778 2118 979 2158 praeconium

468 2166 574 2198 Solum
604 2165 733 2206 praesul
757 2165 909 2206 relinquit
931 2166 1079 2207 patrium.

464 2243 567 2276 Exsul
587 2241 691 2275 faetus
716 2240 820 2275 forma
841 2241 880 2274 fit
900 2243 1053 2282 exsulum,

466 2292 571 2323 Verae
594 2290 766 2330 splendens
791 2289 918 2322 virtutis
942 2289 1115 2332 speculum,

466 2338 531 2370 Per
552 2338 677 2378 insigne
698 2337 796 2370 fontis
819 2338 1007 2370 miraculum

466 2385 570 2418 Dulce
593 2385 682 2425 plebi
705 2384 889 2417 ministrans
909 2386 1066 2424 poculum.

1213 2437 1252 2468 5*
