1655 2573
195 1270 250 1302 10.

193 1505 249 1546 ῑξ..

191 1741 247 1773 20.

189 1978 245 2010 25.

186 2216 240 2248 30.

710 141 968 179 —169—

540 239 572 272 5.
596 240 665 272 Has
689 239 834 271 lucernas
858 249 942 271 nunc
965 240 1113 272 ardentes

598 286 675 319 Cum
701 287 823 318 coronis
849 289 880 318 et
904 287 1076 327 gaudentes

642 333 726 365 Diva
750 332 909 375 fruitione,

598 380 651 412 Sic
677 380 717 412 de
741 381 868 421 nostris,
895 381 1111 422 deprecamur,

597 426 749 459 Reatibus
775 427 857 466 quod
883 428 1042 460 solvamur

643 474 761 506 Eorum
786 474 912 513 passion
917 484 943 507 e.

262 545 341 573 Orat.
362 555 415 573 ms.
437 547 620 575 Carthusian.
642 555 717 574 saec.
740 545 783 573 15.
819 546 889 574 Cod.
911 547 1004 582 Capit.
1023 547 1172 574 Treviren.
1202 545 1264 574 116.
1285 547 1319 574 A.
1342 562 1380 566 —
1400 548 1480 575 Orat.

188 591 240 610 ms.
262 591 337 611 saec.
355 582 398 611 15.
428 584 496 612 Cod.
519 585 772 618 Guelfenbyteran.
795 581 867 611 1433
886 583 1106 618 (Helmstadien.
1130 582 1220 617 1320).
1242 586 1274 612 Β.
1296 600 1333 604 -
1355 584 1380 620 1,
1407 583 1424 611 2
1440 586 1483 612 Ac

186 620 294 648 Iacobe
318 622 353 648 A.
384 636 421 640 —
448 621 481 655 1,
506 621 522 649 6
547 623 602 649 Ast
621 622 771 656 dignitate.
797 622 858 648 AB.
887 636 926 640 —-
952 619 982 655 3,
1013 620 1027 648 1
1053 621 1264 649 Pessumdastis
1286 625 1318 650 Β.
1339 637 1376 642 -
1397 621 1431 654 4,
1463 621 1482 649 4

184 659 299 693 partica
317 659 351 693 A,
375 660 515 694 perticam
536 660 568 686 B.
588 674 624 678 —
645 658 671 693 5,
691 656 709 686 3
728 660 760 685 in
779 660 887 685 nostris
907 659 940 686 B.
961 673 999 678 —
1018 657 1044 691 5,
1065 657 1082 685 5
1104 660 1250 687 salvamur
1270 660 1302 687 Β.

543 768 602 800 318.
630 768 674 799 De
696 765 909 807 Quadraginta
928 765 1128 804 Martyribus.

279 847 415 879 Redolet
437 848 470 879 in
495 848 629 880 ecclesia

278 894 354 926 Flos
378 892 501 934 florum,
527 895 615 934 virgo
641 894 754 932 Maria,

280 941 412 972 Florete
435 940 529 973 flores
553 945 589 972 ut
612 941 724 981 lilium,

277 988 336 1027 Qui
361 989 475 1019 amatis
501 988 566 1019 eius
590 987 700 1019 filium.

243 1061 250 1067 .
275 1034 428 1066 Puritatis
453 1035 545 1066 huius
569 1033 667 1075 floris,

277 1081 441 1114 castitatis
465 1084 497 1113 et,
523 1081 646 1113 decoris

276 1128 360 1160 Date
384 1137 441 1160 vos
463 1137 547 1160 nunc
571 1128 700 1159 odorem

276 1175 455 1207 Secundum
481 1178 600 1208 castum
625 1183 742 1206 morem

277 1222 321 1254 Et
344 1222 491 1255 frondete
515 1223 548 1253 in
573 1223 677 1261 gratia

278 1270 342 1302 Per
365 1269 457 1301 huius
482 1269 591 1301 mundi
615 1269 729 1308 spatia.

278 1316 437 1349 Christum
464 1316 642 1348 collaudate

277 1363 354 1396 Cum
379 1363 585 1404 iucunditate,

276 1411 335 1449 Qui
360 1419 415 1442 vos
441 1420 510 1442 cum
536 1413 621 1441 serto
646 1418 736 1441 roseo

277 1458 448 1491 Coronavit
472 1458 504 1488 in
529 1458 644 1497 gaudio

274 1504 320 1536 Et
343 1503 543 1543 frequentate
568 1504 734 1545 canticum,

272 1551 427 1591 Sponsum
445 1554 628 1584 cunctarum
643 1551 798 1591 virginum

274 1598 441 1630 Collaudet
464 1604 571 1630 nostra
598 1599 701 1630 contio

274 1645 441 1685 Spirituali
464 1645 574 1678 iubilo.

269 1693 389 1724 Demus
413 1692 539 1725 laudem
566 1702 635 1724 cum
660 1693 790 1725 vocibus

273 1739 490 1779 Quadragenis
516 1740 700 1782 virginibus,

273 1787 357 1825 Quas
385 1787 512 1827 collegit
534 1787 689 1818 Dominus

271 1833 322 1866 De
345 1833 395 1864 his
419 1834 529 1866 mundi
553 1834 709 1875 partibus,

272 1881 355 1920 Quas
381 1883 414 1912 et
437 1882 564 1913 ornavit
587 1879 719 1913 floribus

271 1929 307 1961 In
334 1929 478 1968 paradisi
502 1927 634 1969 foribus,

271 1976 317 2008 Ut
338 1976 385 2009 ibi
411 1976 479 2008 sine
503 1976 627 2008 macula

270 2023 390 2056 Vivant
412 2032 470 2064 per
496 2026 610 2056 cuncta
634 2024 768 2055 saecula.

270 2071 330 2104 Isti
353 2073 428 2103 sunt
453 2071 552 2104 divini
577 2069 708 2114 fructus,

271 2118 331 2158 Qui
362 2127 512 2158 sponsum
538 2127 628 2150 suum
653 2118 794 2159 audiunt,

271 2166 355 2205 Quos
381 2166 499 2207 rigavit
523 2166 747 2209 aquaeductus,

267 2213 361 2246 Laeti
385 2222 477 2253 quem
502 2214 699 2255 suscipiunt,.

268 2262 329 2301 Qui
353 2261 394 2293 de
417 2262 533 2294 throno
557 2262 679 2302 gratiae

265 2309 371 2348 Larga
391 2310 511 2355 pietate

266 2355 376 2390 stillat
399 2365 503 2389 rorem
526 2357 638 2390 veniae

265 2403 326 2438 Pia
349 2403 508 2444 largitate.

875 846 929 877 35.

872 1080 927 1112 40.

870 1316 926 1346 45.

871 1550 927 1581 50.

871 1787 926 1819 55.

869 2023 923 2055 60.

868 2261 924 2293 65.

956 846 1042 877 Istae
1065 854 1157 878 rosae
1181 846 1384 889 rubicundae,

955 892 1037 931 Quas
1069 901 1126 925 ver
1151 896 1182 924 et
1206 897 1309 926 aestas
1334 894 1477 937 protulit,

954 939 1039 970 Istae
1063 941 1253 980 margaritae
1275 941 1420 980 mundae,

955 986 1038 1024 Quas
1065 985 1189 1018 Christo
1222 990 1324 1019 mater
1353 987 1477 1019 obtulit.

953 1032 1038 1063 1stae
1062 1034 1151 1072 quasi
1175 1034 1300 1065 libanus

955 1079 1091 1111 Odorem
1115 1089 1231 1120 sponso
1255 1080 1408 1121 referunt,

953 1126 1076 1157 Ardent
1104 1127 1189 1159 velut
1211 1127 1351 1159 clibanus

952 1173 997 1204 Et
1004 1171 1158 1205 flammam
1170 1183 1292 1209 sursum
1301 1174 1476 1214 proferunt.

953 1220 1022 1251 Hae
1046 1224 1120 1252 sunt
1145 1222 1252 1253 dulces
1278 1222 1461 1254 citharistae

952 1268 1038 1299 Ante
1061 1267 1123 1299 Dei
1147 1268 1304 1308 thronum,

952 1313 1094 1346 Laudem
1114 1315 1223 1346 dicunt
1239 1315 1307 1357 tibi,
1338 1316 1475 1360 Christe,

953 1361 1011 1399 Qui
1036 1370 1069 1392 es
1093 1371 1247 1393 summum
1272 1362 1397 1396 bonum.

952 1408 1129 1440 Decoratae
1153 1412 1226 1440 sunt
1252 1418 1367 1441 corona

953 1454 1091 1486 Gemmis
1116 1456 1279 1496 adornata,

950 1502 1004 1534 Ad
1028 1503 1184 1534 mamillas
1209 1503 1380 1542 splendens
1398 1513 1477 1536 zona

952 1550 1042 1581 Auro
1067 1547 1234 1583 fabricata.

948 1596 1020 1628 Hae
1042 1597 1237 1635 praecedunt
1260 1598 1413 1637 virginem

952 1640 1118 1688 [Matrem]
1144 1645 1321 1685 salvatoris

949 1690 1091 1722 Dicimus
1119 1691 1323 1732 laudabilem,

952 1738 1043 1770 Haec
1068 1741 1117 1770 est
1139 1737 1198 1770 flos
1223 1739 1349 1771 amoris.

952 1785 1064 1817 Dulcis
1090 1785 1170 1818 haec
1195 1787 1347 1830 collectio,

951 1832 1049 1871 Quam
1076 1832 1220 1865 Christus
1245 1834 1398 1867 adunavit

951 1879 1067 1919 Sponsi
1092 1890 1185 1921 quam
1211 1881 1338 1912 dilectio

950 1926 1108 1966 Sanguine
1131 1928 1307 1960 mundavit.

951 1975 1087 2014 Propter
1111 1974 1207 2007 fidem
1235 1976 1388 2007 eastitatis

949 2021 1035 2053 Mori
1061 2025 1135 2054 sunt
1158 2027 1301 2065 paratae,

949 2069 1061 2101 Multis
1085 2071 1195 2109 poenis
1221 2071 1381 2110 castigatis

951 2117 1065 2149 Omnes
1091 2120 1165 2149 sunt
1192 2120 1332 2152 vocatae.

950 2164 1033 2203 Quas
1060 2163 1131 2196 dira
1154 2165 1332 2205 persecutio

948 2213 1055 2245 Ferox
1080 2211 1224 2244 Daciana

950 2260 1084 2292 Diverso
1110 2261 1267 2301 supplicio

946 2308 984 2340 In
1008 2307 1074 2339 fide
1097 2318 1211 2342 errana
1220 2305 1260 2355 [l]

947 2355 1113 2388 Interemit
1134 2358 1250 2389 misere

949 2403 1088 2445 Propter
1113 2404 1233 2438 Christi
1256 2403 1353 2437 fidem
