1655 2573
168 1785 222 1820 10.

166 1994 220 2027 11.

162 2203 215 2235 12.

678 142 927 179 —157-

219 254 226 262 .
253 230 313 271 Qui
337 234 479 273 suscepit
502 237 535 267 te
558 237 740 282 gaudenter,

256 277 472 318 Colloquendo
495 284 706 316 condecenter

253 325 390 357 Pulchre
415 328 515 360 suasit
538 332 570 361 te
593 335 764 371 nupturam

253 372 301 404 Ob
326 374 392 404 tam
416 376 522 414 magni
548 378 636 418 regni
663 387 778 411 curam.

218 472 226 480 .
251 446 338 478 Tuus
363 457 465 481 sermo
490 449 528 482 fit
551 461 623 483 mox
648 453 744 495 iocus,

251 493 345 525 Iubes
369 497 421 527 tu:
449 497 492 528 sit
516 497 587 537 ipse
610 508 734 540 procus,

256 540 290 573 Si
315 541 358 572 sit
382 551 516 581 sponsus
540 545 746 585 amabundus‚

252 587 325 619 Erit
348 589 427 620 mihi
452 591 502 622 vir
524 591 691 624 iucundus.

220 689 226 695 .
253 661 370 694 Forma
396 672 490 696 sensu
514 665 560 696 sic
584 666 733 709 micabas,

253 709 382 741 Nullum
410 710 538 751 dignum
563 715 595 743 te
620 713 766 753 putabaS,

253 756 315 788 Sed
341 757 419 789 haec
445 758 531 790 dicta
555 761 618 791 tam
643 760 749 791 iocose

254 803 357 835 Senex
382 806 519 845 sumpsit
542 807 672 841 seriose.

218 903 224 910 .
252 878 302 911 Ne
320 883 383 912 tam
403 881 570 920 pulchrum
583 882 643 914 Dei
656 883 779 922 plasma

251 926 348 959 Satan
374 927 467 959 fieret
490 929 690 970 phantasma,

250 974 325 1012 Ipse
350 975 496 1014 spondet,
523 978 557 1007 tu
584 976 732 1020 discedis,

248 1021 323 1060 Ipse
352 1024 432 1064 orat,
458 1024 555 1062 tuque
581 1024 695 1055 credis.

218 1120 225 1128 .
253 1097 391 1129 Poscens
424 1107 573 1139 sponsum
605 1108 678 1131 mox
703 1109 777 1139 pro-

552 1148 655 1177 catum

248 1190 358 1223 Dixit:
382 1192 459 1223 satis
486 1195 534 1224 est
556 1193 704 1233 iocatum,

248 1238 370 1270 Cuncta
395 1248 486 1280 vana,
512 1240 612 1280 virgo,
641 1241 755 1282 desint,

250 1284 335 1316 Culti
360 1288 475 1328 gestus,
502 1296 606 1319 mores
622 1289 775 1327 praesint.

214 1384 222 1393 .
249 1360 299 1391 Ne
323 1360 430 1393 verbis
458 1362 655 1401 displiceatis

251 1407 373 1447 Sponso
397 1417 536 1441 summae
562 1410 727 1450 claritatis,

246 1453 365 1486 Forma
390 1456 491 1487 vincit
514 1465 622 1488 omnes
647 1458 741 1502 solus,

246 1500 319 1533 Non
340 1501 404 1533 fert
420 1512 530 1542 parem
548 1507 645 1545 terra,
671 1506 773 1544 polus.

215 1602 222 1608 .
249 1577 338 1609 Tunc
364 1582 512 1620 correpta
538 1588 570 1611 es
596 1580 718 1620 timore,

248 1624 330 1657 Tota
354 1626 506 1666 languens
532 1628 565 1658 in
590 1636 706 1672 amore,

250 1671 392 1705 Clamas:
422 1674 476 1705 diu
502 1682 558 1706 cur
581 1676 734 1715 protelem,

246 1720 336 1759 Quod
355 1721 438 1752 hunc
456 1721 534 1753 mihi
551 1731 614 1754 non
627 1724 750 1755 revelas
761 1722 778 1754 ’.Ξ

249 1787 374 1828 Veniat,
400 1790 437 1819 ut
461 1796 530 1819 eum
555 1797 681 1820 cernam

245 1833 290 1866 Et
302 1838 435 1874 propter
446 1843 480 1866 se
491 1839 604 1867 cuncta
615 1845 774 1880 spernam,

251 1881 341 1913 Tunc
357 1883 515 1922 processit
532 1892 666 1923 sponsus
685 1893 774 1916 carus

249 1928 338 1960 Sicut
359 1930 406 1961 sol
424 1939 502 1969 prae
520 1931 641 1962 cunctis
659 1931 774 1964 clarus.

247 1995 383 2027 Dicens:
410 2005 428 2028 o
453 1999 489 2028 tu
513 1997 701 2037 Kaffiarina,

244 2042 386 2075 Elevans
411 2046 443 2074 te
467 2053 487 2075 a
511 2044 613 2087 ruina,

245 2090 406 2122 Vidistine
430 2091 655 2130 pulchriorem,

249 2137 434 2180 Clariorem,
463 2137 662 2170 dulciorem?

243 2204 320 2236 Mea
344 2203 448 2237 forma
471 2205 530 2236 tibi
555 2206 663 2245 placet

245 2252 323 2292 Iam,
349 2253 406 2285 sed
433 2255 488 2284 tua
513 2253 585 2285 vilis
610 2253 703 2293 iacet,

246 2299 404 2339 Quamdiu
429 2309 492 2332 non
518 2300 702 2345 baptizaris,

242 2346 324 2381 Mihi
350 2350 442 2387 grata
466 2357 528 2379 non
554 2348 687 2388 putaris.

856 240 910 273 13.

851 464 905 496 14.

850 900 902 933 16.

847 1116 900 1148 17.

847 1332 901 1367 18.

847 1549 902 1582 19.

844 1768 898 1800 20.

846 1985 902 2016 21.

849 2204 903 2234 22.

937 240 997 273 Illo
1023 240 1143 271 caelum
1171 239 1362 271 ascendente

930 286 1099 326 Baptizata
1122 284 1160 316 fis
1184 288 1324 329 repente,

931 332 984 364 Sic
1007 333 1048 364 ad
1074 332 1168 364 fidem
1191 341 1224 363 es
1247 332 1388 373 inducta,

930 379 1058 411 Fortior
1082 380 1114 411 in
1139 386 1263 419 pugnae
1286 380 1381 412 lucta.

932 463 1159 502 Undecumque
1184 462 1327 494 effulsisti

933 510 1052 542 Ceteris
1071 518 1149 550 prae
1161 510 1309 549 nymphis
1323 510 1453 549 Christi,

933 557 1052 596 Gradu,
1077 559 1162 589 statu
1186 557 1314 588 altiores

931 603 1061 634 Habens
1087 611 1213 641 semper
1238 603 1424 636 obiectoreS.

898 711 904 718 .
932 686 1172 726 Quinquagenos
1198 689 1339 718 oratores

932 732 1013 763 Prae
1036 732 1157 763 cunctis
1180 732 1371 775 subtiliores,

929 779 1083 819 Reginam
1109 779 1315 819 imperialem,

930 825 1088 858 Summam
1113 826 1212 857 hostis
1231 826 1455 868 conthoralem,

932 900 1060 933 Clarum
1087 899 1197 931 ducem
1221 901 1251 930 et
1278 899 1429 931 ducentos

930 947 1050 978 Milites
1075 945 1133 978 sub
1159 954 1195 977 eo
1220 948 1334 987 tentos,

931 994 1046 1026 Omnes
1072 994 1152 1025 bene
1174 992 1232 1024 hos
1257 993 1406 1024 vincebas

930 1041 1153 1080 Martyresque
1178 1038 1328 1073 faciebas.

928 1115 992 1148 Sed
1018 1114 1119 1147 ferum
1144 1115 1368 1155 imperatorem

929 1163 1059 1196 Viceras
1082 1162 1286 1206 miseriorem,

927 1210 1006 1242 Eius
1030 1210 1131 1241 minas
1157 1209 1385 1241 contemnendo

930 1258 1037 1289 Poena
1061 1258 1145 1289 laeta
1168 1256 1329 1295 patiendo.

928 1332 1055 1376 Flagra,
1082 1331 1196 1374 vincla,
1222 1330 1331 1375 fames,
1359 1334 1439 1372 rota,

928 1380 1040 1411 Mucro
1065 1387 1162 1420 super
1186 1382 1218 1409 te
1243 1382 1317 1410 sunt
1340 1382 1437 1420 mota,

928 1426 1026 1469 Haec,
1053 1436 1071 1459 0
1096 1426 1186 1466 virgo
1211 1428 1246 1457 tu
1270 1427 1397 1468 regalis,

926 1474 1051 1505 Tenera
1076 1475 1107 1505 et
1133 1472 1270 1516 curialis,

929 1549 1091 1582 Patienter
1113 1548 1301 1590 sustinebas,

930 1596 984 1628 Sic
1005 1601 1037 1629 et
1055 1597 1177 1629 hostem
1193 1596 1266 1635 plus
1282 1596 1453 1640 pungebas,

929 1644 954 1676 Ο
980 1644 1075 1676 beata
1096 1643 1285 1686 Katharina,

928 1691 1027 1731 Virgo
1053 1693 1176 1731 martyr
1202 1692 1232 1722 et
1258 1691 1379 1731 regina.

925 1767 1044 1799 Probat
1070 1766 1179 1807 sponsi
1204 1775 1265 1798 vox
1282 1770 1454 1808 potentem,

928 1815 974 1846 Te
998 1824 1087 1847 mons
1113 1813 1189 1845 Sina
1213 1815 1397 1856 sapientem,

927 1863 1043 1902 Angeli
1068 1865 1100 1893 te
1127 1864 1257 1902 castam,
1285 1862 1380 1902 diam,

928 1909 1048 1949 Liquor
1073 1908 1200 1940 tumbae
1225 1909 1319 1940 valde
1343 1910 1440 1949 piam.

928 1985 1013 2016 Hinc
1036 1987 1071 2016 tu
1095 1986 1207 2024 potens
1235 1993 1285 2016 me
1308 1984 1453 2027 defende,

928 2032 1052 2072 Dogma
1076 2030 1217 2071 prudens
1244 2034 1278 2063 tu
1295 2033 1454 2074 impende,

928 2079 995 2111 Fac
1018 2087 1068 2110 me
1094 2079 1215 2109 castum
1237 2081 1281 2123 tu,
1309 2089 1327 2112 0
1355 2083 1454 2124 casta,

928 2127 997 2169 Pia,
1024 2126 1102 2158 mihi
1126 2125 1180 2165 pie
1204 2129 1283 2159 asta.

931 2202 1001 2235 Sint
1025 2211 1088 2242 res,
1114 2200 1209 2242 fama,
1235 2212 1320 2237 mors
1344 2208 1376 2237 et
1392 2206 1457 2238 vita

930 2250 1063 2290 Semper
1085 2258 1145 2292 per
1169 2252 1201 2281 te
1228 2253 1395 2293 custodita,

929 2298 1005 2330 Post
1030 2307 1081 2329 me
1107 2297 1168 2328 duc
1193 2298 1235 2330 ad
1259 2299 1432 2332 iubilamen

928 2346 1014 2376 Ante
1038 2346 1160 2377 vultum
1185 2345 1255 2378 Dei.
1306 2347 1418 2380 Amen.

223 2411 304 2439 Orat.
323 2419 378 2439 ms.
399 2412 585 2441 Carthusian.
607 2421 682 2440 saec.
706 2411 749 2440 15.
790 2412 860 2441 Cod.
882 2411 976 2447 Capit.
996 2408 1146 2437 Treviren.
1168 2408 1231 2438 116.
