1655 2573
689 129 921 164 „20—

558 220 584 252 3.
616 221 720 253 Oran'o
742 221 853 252 devota
874 220 914 251 ad
933 217 1054 251 Filium.

179 292 210 325 1.
237 294 316 330 Ave,
342 292 437 334 salus,
461 292 535 323 Iesu
560 291 694 330 Christe,
846 292 878 323 3.
904 290 983 329 Ave,
1008 288 1093 326 Iesu,
1118 286 1250 318 verbum
1274 285 1375 325 patris

237 339 295 378 Qui
319 338 448 377 repellis
474 346 565 370 omne
588 338 690 378 triste,
904 334 1005 367 Filius
1032 336 1063 364 et
1088 335 1194 365 castae
1216 333 1338 371 manis,

234 387 312 428 Ave,
339 385 420 427 Iesu,
447 394 504 416 rex
528 386 717 424 sanctorum,
908 383 1006 414 Verus
1032 390 1129 420 agnus
1153 380 1345 421 immolatus,

233 433 304 465 Lux
326 434 454 463 aeterna
478 432 652 464 beatorum.
902 429 964 467 Da,
989 430 1026 459 ut
1048 429 1081 459 in
1106 430 1139 458 te
1163 427 1222 459 sim
1247 427 1369 459 beatus.

178 490 211 523 2.
236 490 314 530 Ave,
341 488 423 526 Iesu,
450 486 520 518 fons
541 487 701 526 virtutum,
847 487 879 519 4.
905 486 985 524 Ave,
1012 484 1094 524 Iesu,
1121 492 1189 523 ave,
1214 483 1277 525 pie,

235 536 302 567 Iter
325 536 453 573 praesta
474 533 550 565 mihi
572 535 683 572 tutum,
906 531 1000 564 Salva
1025 539 1075 561 me
1097 531 1130 561 in
1155 530 1265 561 mortis
1293 530 1344 561 die

234 580 401 620 Speculum
426 588 459 611 es
484 580 674 622 angelorum,
905 579 950 611 Et
972 577 1011 609 ob
1036 581 1122 608 tuam
1144 577 1323 616 passionem

233 628 299 659 Fac
321 635 372 657 me
396 629 537 658 sanctum
563 630 595 657 et
618 626 774 658 decorum.
905 625 955 657 Da
979 625 1025 655 tui
1051 623 1239 656 fruitionem.

554 682 688 714 Praesta
710 682 779 721 11οο,
806 684 933 713 aeterne
958 680 1053 719 Deus,

553 729 603 760 Tu
627 729 680 768 qui
704 737 736 759 es
759 728 942 767 redemptor
966 735 1063 758 meus.

526 837 556 866 4.
585 836 690 867 Oratio
713 836 752 867 ad
773 836 912 866 sanctum
931 834 1089 874 Spiritum.

180 908 209 939 1.
235 908 314 944 Ave,
340 908 385 947 tu,
411 907 518 936 sancte
542 905 682 945 spiritus,
848 906 879 937 3,
905 905 984 947 Ave,
1010 903 1212 934 benedictum
1235 911 1361 943 numen,

236 952 315 985 Veni
341 954 373 982 et
394 960 494 991 purga
518 950 658 982 funditus
905 951 969 982 Fer
992 950 1026 981 in
1050 949 1141 981 nobis
1165 951 1253 980 tuum
1278 950 1394 989 lumen,

237 998 340 1031 Corda
362 1000 470 1029 nostra
494 1007 513 1028 a
536 998 685 1037 peccatis,
905 998 951 1030 Ut
980 999 1113 1036 peccata
1137 1005 1360 1036 cognoscamus

236 1046 303 1076 Fac
325 1053 382 1075 nos
406 1044 558 1084 templum
584 1044 720 1076 deitatis.
904 1044 949 1076 Et
974 1042 1091 1075 deflere
1111 1043 1279 1076 valeamuS.

180 1103 211 1134 2.
237 1102 316 1142 Ave,
342 1099 452 1139 patris„
477 1099 544 1130 nati
566 1097 690 1137 flamen,
849 1102 880 1134 4.
906 1102 985 1139 Ave,
1011 1108 1156 1139 pneuma,
1184 1107 1253 1129 cum
1277 1099 1405 1140 honore,

235 1146 334 1178 Nobis
359 1146 487 1177 maestis
512 1146 556 1176 sis
581 1146 729 1187 solamen,
906 1146 972 1178 Nos
997 1144 1134 1177 fecunda
1156 1148 1211 1177 tuo
1236 1154 1318 1188 rore,

235 1193 326 1224 Dona
349 1190 463 1223 flumen
489 1192 671 1231 gratiarum,
905 1192 1007 1224 Visita
1030 1201 1087 1223 nos
1112 1193 1174 1223 tuis
1201 1192 1303 1230 donis,

233 1239 334 1271 Dulce
366 1237 418 1270 fac
441 1247 525 1269 nunc
549 1247 603 1270 cor
627 1248 776 1272 amarum.
908 1239 1034 1271 Colloca
1057 1239 1091 1270 in
1116 1239 1195 1270 caeli
1220 1239 1353 1272 thronis,

554 1294 688 1326 Praesta
710 1295 779 1337 hoc,
805 1298 934 1327 aeterne
956 1294 1054 1335 Deus,

554 1341 603 1372 Tu
627 1340 841 1373 sanctificator
865 1350 964 1374 meus.

503 1448 529 1477 5.
562 1447 667 1478 Oratio
689 1447 729 1478 ad
749 1449 888 1479 sanctam
908 1447 1101 1480 Trinitatem.

176 1517 206 1549 1.
232 1517 311 1554 Ave,
336 1514 430 1546 beata
452 1515 590 1557 trinitas,
849 1519 879 1551 3.
905 1519 984 1556 Ave,
1010 1526 1130 1548 summa
1153 1518 1368 1559 pulchritudo,

235 1564 274 1595 111
299 1569 367 1592 esse
390 1562 524 1602 simplex
545 1562 659 1605 unitas,
904 1564 988 1595 Vera
1012 1572 1044 1594 es
1070 1563 1243 1606 beatitudo,

236 1609 282 1640 Te
306 1608 418 1639 adorat
441 1608 574 1640 altitudo
904 1611 953 1642 Tu
982 1619 1014 1641 es
1041 1619 1105 1651 pax
1127 1612 1332 1650 aeternitatis,

239 1654 335 1694 Caeli,
360 1657 465 1686 terrae
486 1655 632 1687 latitudo.
905 1657 1011 1688 Vitam
1038 1657 1078 1688 da
1102 1656 1273 1691 felicitatis

180 1713 210 1744 2.
236 1712 315 1749 Ave,
341 1713 376 1741 tu
400 1719 520 1742 summa
542 1711 675 1752 bonitas,
846 1715 878 1746 4.
903 1714 983 1752 Ave,
1009 1722 1085 1744 vera
1106 1714 1162 1745 lux
1184 1715 1352 1755 caelorum,

236 1758 282 1789 Te
307 1756 382 1788 colit
406 1757 505 1788 omnis
530 1758 653 1797 entitas,
905 1761 954 1792 Tu
979 1768 1011 1791 es
1036 1769 1155 1791 merces
1181 1761 1362 1801 electorum,

235 1805 302 1836 Fac
320 1811 371 1834 me
386 1806 526 1835 sanctum
544 1807 638 1843 atque
653 1805 777 1846 bonum,
906 1806 1002 1838 Salva
1025 1816 1082 1838 nos
1106 1807 1158 1838 hic
1183 1808 1331 1849 viatores⁷

236 1850 324 1890 Quod
350 1850 477 1881 excellit
499 1851 609 1882 mundi
634 1852 758 1884 donum.
905 1854 974 1885 Fac
996 1863 1054 1885 nos
1080 1854 1160 1885 caeli
1183 1863 1392 1894 possessores.

564 1908 697 1940 Praesta
717 1909 786 1951 hoc,
810 1913 939 1942 aeterne
962 1909 1060 1950 Deus,

570 1955 619 1986 Tu
643 1955 836 1995 glorificator
858 1966 956 1989 meus.

552 2076 614 2107 Ad
637 2076 854 2110 Dominum
877 2078 918 2111 N.
944 2079 971 2111 Ι.
998 2078 1062 2111 Ch.

662 2158 687 2188 6.
719 2158 823 2190 Oratio
843 2159 957 2190 Prima.

175 2225 206 2257 1.
233 2225 312 2261 Ave,
338 2223 412 2255 Iesu
435 2222 482 2254 fili
508 2224 579 2266 Dei,
849 2230 879 2260 2.
906 2229 986 2268 Ave,
1014 2228 1115 2259 dulcis
1139 2230 1242 2270 panis,
1268 2231 1351 2272 lesu,

231 2271 268 2303 In
292 2272 325 2301 te
348 2273 478 2310 sperant
501 2280 607 2303 omnes
631 2274 689 2313 rei,
904 2275 1037 2307 Dulcior
1062 2284 1094 2306 es
1120 2277 1204 2308 omni
1229 2286 1294 2322 esu,

232 2317 357 2349 Munda
378 2326 437 2348 nos
460 2317 501 2349 ab
525 2320 610 2351 omni
633 2321 738 2362 sorde,
899 2324 948 2355 Te
971 2322 1012 2354 da
1035 2322 1126 2354 nobis
1152 2325 1283 2367 esurire,

235 2365 306 2400 Hoc
327 2373 473 2408 rogamus
498 2367 564 2397 toto
590 2367 695 2403 corde.
905 2370 1065 2403 Summum
1091 2370 1207 2402 bonum
1232 2370 1285 2404 fac
1307 2374 1406 2408 sitire.
