1655 2573
773 146 1011 185 —76—

256 248 286 283 3.
312 251 408 288 Quam
434 249 597 289 praeclara
620 247 744 280 fulserit

358 297 457 336 patris
483 297 583 328 sancti
613 296 685 337 vita,

310 344 372 375 Tot
398 346 428 374 et
452 344 548 374 tantis
576 342 715 374 crebrius

356 390 449 421 bellis
473 390 630 430 lacessita,

311 437 385 476 Ipsa
408 437 509 468 sancti
535 435 674 474 corporis

355 492 426 514 ossa
448 483 510 513 iam
535 482 638 520 sopita

308 529 410 568 Signis
434 528 660 567 multiplicibus

353 575 490 615 probant
512 574 673 614 insignita.

248 650 279 683 4.
308 650 467 689 Condigna
492 659 549 689 pro
574 649 694 681 meritis

352 698 476 737 palmae
495 697 574 728 dono
599 699 752 735 praestas,

306 744 440 776 Militem
466 752 668 774 remunerans

353 791 441 831 regia
464 790 620 831 maiestas,

305 837 387 869 Dum
412 838 544 868 virtutes
569 837 686 868 exserit

350 884 466 915 mundo
491 882 683 924 manifestas,

303 931 387 962 Data
409 939 504 970 super
530 931 695 962 daemones

352 978 451 1009 virtus
477 979 509 1008 et
532 979 680 1016 potestas,

245 1055 276 1086 5.
301 1053 405 1085 Decus
430 1061 545 1092 augens
571 1052 693 1091 generis

349 1100 453 1138 proles
478 1107 629 1138 generosa

300 1147 348 1177 Ac
372 1146 399 1176 si
425 1146 561 1177 candens
584 1145 685 1176 lilium

346 1192 510 1224 rubicante
535 1200 615 1233 rosa,

297 1239 431 1271 Virtutis
456 1238 615 1278 angelicae

349 1286 421 1316 luce
444 1285 571 1316 radiosa

302 1332 411 1364 Gentis
436 1331 537 1372 fulges
561 1332 715 1370 Anglicae

346 1379 467 1419 lampas
491 1378 653 1411 luminosa.

243 1456 273 1486 6.
300 1454 371 1485 Non
398 1453 451 1484 diu
475 1452 532 1483 sub
557 1453 662 1484 modio

344 1500 466 1540 lampas
491 1499 679 1537 obumbrari,

298 1546 370 1578 Non
393 1545 518 1577 flamma
542 1546 599 1577 sub
626 1546 729 1577 cinere

346 1593 464 1632 patitur
490 1592 596 1633 celari,

297 1640 364 1671 Nec
387 1649 446 1679 pro
471 1642 542 1671 voto
566 1639 667 1671 valuit

344 1687 443 1718 virtus
468 1686 630 1724 occultari,

296 1734 349 1765 Ad
373 1734 483 1764 horam
507 1733 564 1764 sub
591 1733 756 1772 chlamyde

343 1781 444 1812 latens
467 1780 605 1811 militari.

239 1857 269 1889 7.
295 1856 366 1887 Non
391 1856 543 1887 humanae
569 1855 692 1887 deditus

341 1901 444 1934 famae
467 1911 523 1934 seu
546 1901 658 1940 favori,

294 1950 355 1981 Dei
379 1958 413 1980 se
439 1949 580 1981 devotius

338 1999 501 2028 consecrat
524 1996 633 2036 amori,

292 2044 338 2076 Ut
359 2044 392 2075 in
418 2043 542 2076 Christo
567 2043 696 2081 viveret,

340 2091 456 2121 mundo
481 2091 590 2122 volens
612 2090 701 2131 mori,

294 2137 384 2168 Viam
410 2145 501 2168 cursu
525 2137 642 2177 regiam

341 2184 442 2223 carpit
466 2183 581 2215 altiori.

236 2260 266 2291 8.
292 2258 452 2291 Eremitae
476 2258 613 2289 studium

338 2306 496 2346 vitamque
519 2304 681 2344 professus

289 2353 411 2387 Haeret
434 2353 462 2384 ei
486 2352 600 2393 iugiter

337 2409 474 2432 eremum
495 2399 665 2442 ingressus,

951 464 981 496 9.

925 865 978 899 10.

919 1269 972 1301 11.

914 1671 968 1703 12.

912 2075 967 2108 13.

1012 246 1070 285 Qui
1094 255 1166 278 suos
1191 254 1249 285 per
1274 242 1382 277 omnia

1057 293 1221 333 dirigendo
1245 300 1371 333 gressus

1010 340 1098 371 Sacri
1125 340 1187 371 dux
1211 339 1367 379 propositi

1056 386 1118 418 fuit
1144 385 1333 418 indefessus.

1008 462 1071 494 Sub
1097 462 1219 501 potenti
1243 461 1372 492 brachio

1056 509 1233 540 consolatus
1260 508 1332 546 Dei,

1006 555 1132 588 Summo
1156 554 1193 587 fit
1217 555 1334 586 solacio

1053 612 1114 635 vox
1143 600 1388 641 Bai-tholomaei,

1007 650 1065 682 Cui
1090 658 1125 680 se
1150 650 1319 681 devoverat

1053 697 1099 728 sic
1123 696 1345 727 commendans
1372 694 1409 731 ei,

1006 743 1048 775 Ut
1073 746 1147 784 post
1170 743 1271 774 Deum
1296 742 1359 773 sibi
1382 741 1424 772 sit

1051 798 1161 821 sacrae
1184 798 1305 821 summa
1330 788 1408 827 spei.

1005 866 1029 898 O
1057 866 1182 898 virtutis
1206 866 1319 896 unicae

1050 913 1150 943 virum
1175 912 1357 952 gratiosum,

1004 961 1100 998 Quem
1122 959 1192 990 sola
1215 957 1352 990 felicitas

1047 1005 1125 1037 fecit
1148 1006 1299 1045 odiosum,

1001 1053 1084 1085 Dum
1108 1052 1266 1085 extricans
1293 1052 1478 1083 daemonum

1048 1108 1160 1139 agmen
1184 1098 1385 1130 tenebrosum

1000 1147 1114 1179 sedem
1137 1146 1198 1177 sibi
1222 1145 1366 1177 vindicat

1046 1193 1134 1225 sidus
1159 1192 1340 1232 gloriosum.

997 1269 1151 1310 Fraudes,
1179 1268 1287 1310 minam,
1315 1267 1420 1307 iurgia

1045 1325 1156 1355 passus
1182 1318 1214 1346 et
1236 1313 1373 1354 flagella,

999 1362 1062 1394 Sub
1087 1363 1147 1394 hac
1171 1362 1261 1401 quasi
1285 1359 1435 1392 fluctuum

1044 1412 1190 1440 aestuans
1215 1408 1367 1448 procella,

998 1457 1087 1487 Inter
1109 1454 1283 1486 multifaria

1045 1505 1143 1533 certat
1168 1504 1295 1533 sanctus
1319 1501 1413 1540 bella,

995 1549 1065 1580 Nec
1090 1548 1185 1580 cessit
1207 1547 1362 1587 plantatio

1045 1595 1142 1627 veteri
1167 1595 1302 1627 novella.

993 1670 1090 1702 Vetus
1114 1671 1229 1710 hospes
1252 1670 1375 1701 insulae

1042 1717 1137 1749 cessit
1160 1717 1346 1749 adventanti

994 1764 1250 1804 Daemonumque
1273 1764 1356 1803 legio

1041 1814 1149 1843 sancto
1175 1811 1390 1850 triumphanti,

995 1858 1071 1890 Cum
1095 1859 1129 1890 id
1154 1861 1296 1898 praestet
1319 1859 1484 1898 proprium

1040 1906 1142 1946 gratia
1167 1906 1311 1942 certanti,

993 1953 1039 1986 Ut
1061 1953 1095 1984 in
1119 1953 1274 1992 patientia

1039 2000 1082 2031 sit
1105 2008 1221 2031 corona
1245 2000 1357 2032 sancti.

992 2075 1065 2107 Non
1089 2074 1263 2107 formidans
1289 2074 1389 2107 facies

1041 2123 1225 2154 daemonum
1250 2123 1387 2156 larvales

991 2168 1060 2200 Nec
1084 2167 1246 2201 conflictus
1268 2173 1412 2200 metuens

1039 2215 1120 2247 bono
1145 2216 1316 2255 spiritales,

991 2262 1105 2301 Plagas
1131 2271 1150 2293 a
1173 2262 1337 2302 spiritibus

1034 2317 1147 2348 passus
1174 2310 1363 2350 corporales,

987 2355 1114 2390 Palmas
1137 2356 1229 2388 victis
1254 2357 1398 2389 omnibus

1035 2401 1136 2434 refers
1161 2403 1379 2444 triumphales.
