1655 2573
635 125 890 160 -125—

132 220 164 252 3.
192 218 290 260 Virgo
317 219 405 252 vultu
431 228 463 252 es
488 225 630 264 venusta,
812 223 860 254 10.
888 222 1142 262 Angelorumque
1168 224 1353 255 conventum

186 266 250 299 Sed
274 267 392 299 ancilla
417 267 536 301 Christi
560 269 653 308 iusta,
888 268 978 301 Misit
1000 268 1043 301 ad
1067 272 1099 300 te
1123 268 1204 300 hene
1229 270 1363 311 centum,

188 313 239 346 Ex
263 313 349 346 illius
375 314 528 347 servitute
888 316 947 355 Qui
972 316 1011 348 de
1037 315 1149 347 darent
1171 315 1362 357 sepulturae,

188 360 315 393 Summe
340 361 459 394 claram
482 362 622 402 probans
645 365 678 394 tu
697 365 737 395 te.
887 363 1008 394 Tantae
1033 371 1102 394 eras
1128 362 1189 394 sibi
1215 371 1318 394 curae.

131 417 164 449 4.
191 418 216 451 Ο
242 421 379 457 quantus
402 418 514 451 dulcor
538 421 570 450 te
594 417 690 459 fovet,
808 419 861 452 11.
887 419 1036 451 Pandunt
1050 427 1196 458 magnam
1209 419 1409 451 sanctitatem

189 465 287 504 Quam
312 474 331 497 a
356 465 482 498 Christo
506 465 586 497 nihil
609 468 722 504 movet,
888 465 1078 506 Patriaeque
1101 465 1281 498 libertatem

192 512 291 551 Quam
306 521 369 544 non
387 515 510 544 mutant
520 512 738 544 blandimenta
884 513 1000 553 Angeli
1022 512 1107 544 hunc
1130 522 1189 552 per
1212 513 1374 552 honorem,

188 557 299 599 Neque
323 559 429 591 minae
453 568 512 591 nec
534 561 700 592 tormenta.
887 560 1067 592 Monstrant
1091 568 1179 591 suam
1203 562 1236 591 te
1260 568 1410 592 sororem.

130 617 160 648 5.
188 615 348 654 Spernens
380 624 507 647 suasum
531 615 734 656 impudicum,
808 615 861 648 12.
888 615 912 647 O
937 618 1073 655 patrona
1097 616 1234 657 curialis,

192 661 444 693 Blandimentum
466 660 677 699 meretricum,
887 661 1013 702 Precor,
1040 670 1132 694 serva
1156 671 1207 693 me
1231 672 1250 694 a
1274 662 1374 705 malis,

191 707 340 740 Gaudens
365 708 411 738 sic
435 707 629 740 incarcerari
887 709 954 740 Fac
977 709 1133 740 mamillas
1158 710 1337 741 intellectus

190 755 285 794 Quasi
310 755 396 786 laute
422 756 591 787 convivari.
888 755 975 787 Intus
1001 763 1126 794 semper
1151 757 1183 786 et
1206 755 1335 787 affectus

132 813 162 843 6.
190 812 270 851 Heu,
303 811 443 843 dolorem
469 810 534 843 fers
559 819 698 843 amarum
808 809 861 845 13.
886 811 941 842 Me
965 819 1094 843 servare
1117 811 1317 851 incorruptas

187 858 225 889 In
249 860 374 892 tortura
401 858 621 897 mamillarum,
885 859 980 897 Quasi
1004 858 1064 890 soli
1089 857 1156 890 Deo
1181 861 1306 898 nuptas,

186 905 353 944 Tyrannus
378 905 410 936 in
437 908 469 935 te
494 905 660 943 destruxit,
887 905 1003 943 Quibus
1030 913 1137 936 omnes
1162 913 1272 937 sensus
1297 913 1383 936 meos

186 951 275 989 Quod
301 952 333 982 in
359 956 462 983 matre
486 952 556 991 ipse
580 952 674 983 suxit.
887 952 1018 983 Pascam
1049 952 1237 984 delectando
1263 960 1326 994 eos,

130 1009 160 1039 7.
187 1006 284 1038 Nuda
307 1015 403 1046 super
427 1010 527 1038 testas
552 1006 670 1039 fractas
806 1007 859 1040 14.
885 1007 1024 1039 Pulchra
1044 1007 1108 1039 Dei
1134 1008 1388 1048 contemplando,

185 1054 346 1086 volutaris
372 1054 444 1093 igne
468 1057 565 1096 actas,
886 1054 973 1086 Iussa
1000 1055 1065 1086 eius
1090 1055 1307 1096 auscultando,

186 1100 265 1132 Dira
285 1101 365 1132 haec
390 1104 422 1132 et
444 1100 629 1133 inconsueta
884 1101 1060 1134 Adorando
1085 1101 1182 1133 vitam
1209 1102 1337 1141 Christi,

185 1147 351 1179 Pertulisti
374 1150 479 1180 mente
503 1149 598 1181 laeta.
886 1147 941 1180 Ut.
956 1148 1134 1180 conformer
1158 1157 1284 1189 semper
1307 1149 1371 1191 isti,

130 1205 161 1236 8.
187 1204 343 1242 Quantum
369 1204 477 1243 places
503 1213 618 1244 sponso
644 1207 708 1246 tuo,
804 1204 858 1238 15.
884 1205 979 1238 Hunc
1002 1205 1157 1244 gustando
1185 1214 1255 1237 cum
1282 1205 1411 1237 dulcore

185 1250 328 1282 Probant
351 1251 384 1282 in
409 1253 441 1282 te
465 1251 556 1291 signa
581 1250 651 1293 duo,
884 1251 929 1284 Et
953 1252 1111 1292 tangendo
1138 1261 1205 1284 cum
1233 1260 1349 1292 amore,

182 1297 265 1329 Nam
289 1306 428 1329 summus
451 1298 664 1337 apostolorum
884 1298 930 1330 Ut
961 1298 1009 1329 sic
1033 1307 1173 1330 crescam
1194 1299 1229 1330 in
1253 1300 1389 1331 salutem

184 1344 284 1377 Curat
307 1346 339 1375 te
364 1354 383 1376 a
409 1345 439 1376 vi
466 1345 617 1387 dolorum,
883 1345 936 1377 Ad
961 1348 1120 1377 aeternam
1145 1347 1354 1383 iuventutem,

125 1403 155 1434 9.
184 1400 280 1440 Quem
310 1401 349 1432 de
375 1401 470 1432 caelis
495 1401 537 1433 ad
563 1403 596 1432 te
619 1401 706 1433 misit
804 1402 857 1434 16.
884 1401 922 1434 In
947 1411 1009 1441 qua
1033 1410 1158 1442 semper
1183 1405 1217 1433 tu
1241 1402 1371 1434 laetaris

180 1447 225 1479 Et
247 1448 384 1480 libenter
407 1450 441 1479 te
462 1447 571 1480 invisit
884 1447 961 1479 Cum
986 1448 1095 1480 amicis
1121 1449 1181 1481 Dei
1206 1449 1290 1482 caris

181 1495 226 1527 Ut
252 1495 399 1526 dilectam
424 1504 512 1526 suam
537 1497 642 1527 natam
883 1495 1020 1528 Cantans
1047 1496 1140 1527 dulce
1163 1497 1364 1529 modulamen

181 1542 223 1573 Et
257 1545 291 1573 ut
314 1550 463 1581 sponsam
487 1542 570 1582 regis
595 1545 727 1582 gratam.
881 1543 920 1576 In
946 1542 1059 1575 chorea
1086 1544 1174 1576 caeli.
1225 1546 1337 1577 Amen,

187 1616 266 1681 (frat.
290 1624 341 1643 ms.
364 1615 547 1644 Carthusian.
573 1625 648 1644 saec.
672 1614 714 1644 15.
751 1616 818 1644 Cocl.
842 1616 934 1653 Capit.
955 1616 1104 1645 Treviren.
1133 1616 1195 1645 116.
1228 1633 1258 1637 Ἶ-
1282 1616 1325 1651 12,
1349 1617 1362 1645 1
1385 1619 1410 1644 A

112 1662 195 1690 pram
208 1662 266 1681 ara.

559 1765 626 1796 247.
655 1765 698 1795 De
719 1766 827 1796 sancta
846 1766 975 1805 Agnete.

126 1844 156 1876 1.
187 1843 349 1881 Gaude,
375 1845 483 1884 Agnes
508 1844 697 1885 praeelecta,
805 1848 836 1878 4.
864 1845 959 1878 Cuius
985 1854 1142 1885 nunquam
1168 1846 1207 1879 ab
1234 1856 1341 1879 amore

185 1890 312 1923 Summo
339 1891 408 1923 Deo
432 1895 498 1924 tam
522 1891 648 1928 dilecta,
862 1894 963 1925 Prece
986 1897 1073 1925 mota
1096 1902 1155 1925 nec
1179 1902 1302 1926 terrore

185 1938 280 1971 Cuius
304 1943 478 1979 praeventa
502 1939 606 1979 gratia
862 1941 972 1972 Mente
996 1940 1097 1972 virum
1123 1941 1257 1973 induens

188 1986 304 2018 Mundi
328 1984 411 2027 fugis
436 1986 563 2019 solacia.
861 1987 1018 2027 Exemplo
1044 1989 1158 2020 multos
1182 1988 1335 2024 imbuens.

124 2044 158 2076 2.
186 2043 288 2075 Annis
311 2041 427 2084 infans,
453 2046 558 2075 mente
583 2052 661 2076 cana
806 2047 836 2077 5.
864 2044 1010 2087 Gaude,
1026 2044 1124 2085 virgo,
1139 2054 1412 2086 quaeresponsum

184 2090 315 2130 Spernis
340 2091 490 2122 mundum
516 2090 620 2122 vitans
641 2100 731 2134 vana,
862 2091 940 2124 Tale
954 2091 1069 2125 dabas:
1085 2092 1252 2133 Nunquam
1262 2102 1412 2133 sponsum

183 2138 246 2170 Per
270 2147 380 2170 sensus
404 2138 450 2170 sic
473 2137 621 2178 peritiam
863 2139 1023 2172 Christum
1047 2148 1177 2180 possum
1201 2141 1347 2173 omittere

183 2185 427 2218 Transcendens
451 2185 631 2226 pueritiam.
862 2186 905 2218 Et
931 2187 1066 2219 alterum
1091 2187 1270 2220 admittere.

126 2243 156 2276 3.
183 2241 349 2286 Gaude,
377 2243 466 2276 vultu
491 2243 647 2286 speciosa,
804 2244 835 2276 6.
859 2243 945 2275 Hinc
971 2245 1078 2275 coacte
1103 2253 1134 2276 es
1161 2245 1300 2277 adducta

171 2289 285 2331 Magis
311 2288 375 2322 fide
399 2290 548 2330 gratiosa,
861 2290 913 2323 Ad
945 2291 1080 2330 lupanar
1104 2300 1163 2324 nec
1187 2293 1319 2324 seducta

181 2337 267 2376 Quae
294 2336 419 2372 Christo
445 2337 484 2371 ab
510 2337 646 2372 infantia
861 2338 906 2370 Es
935 2338 1057 2371 iuvenis
1085 2339 1243 2371 dementia

180 2384 233 2417 Sic
258 2385 358 2418 servis
386 2393 454 2420 cum
482 2386 670 2420 constantia.
858 2385 920 2417 Dei
944 2384 1003 2417 fisa
1029 2386 1205 2420 clementia.
