<?xml version="1.0" encoding="UTF-8"?>
<!DOCTYPE html PUBLIC "-//W3C//DTD XHTML 1.0 Transitional//EN"
    "http://www.w3.org/TR/xhtml1/DTD/xhtml1-transitional.dtd">
<html xmlns="http://www.w3.org/1999/xhtml" xml:lang="en" lang="en">
 <head>
  <title>
</title>
<meta http-equiv="Content-Type" content="text/html;charset=utf-8" />
  <meta name='ocr-system' content='tesseract 3.04.00' />
  <meta name='ocr-capabilities' content='ocr_page ocr_carea ocr_par ocr_line ocrx_word'/>
</head>
<body>
  <div class='ocr_page' id='page_1' title='image "./analectahymnica29drevuoft_00112.png"; bbox 0 0 1655 2573; ppageno 0'>
   <div class='ocr_carea' id='block_1_1' title="bbox 648 114 903 150">
    <p class='ocr_par' dir='ltr' id='par_1_1' title="bbox 648 114 903 150">
     <span class='ocr_line' id='line_1_1' title="bbox 648 114 903 150; baseline -0.004 0"><span class='ocrx_word' id='word_1_1' title='bbox 648 114 903 150; x_wconf 83' lang='lat'>-109—</span> 
     </span>
    </p>
   </div>
   <div class='ocr_carea' id='block_1_2' title="bbox 477 209 1034 479">
    <p class='ocr_par' dir='ltr' id='par_1_2' title="bbox 477 209 1034 479">
     <span class='ocr_line' id='line_1_2' title="bbox 477 209 1034 251; baseline -0.005 -7"><span class='ocrx_word' id='word_1_2' title='bbox 477 212 508 244; x_wconf 80' lang='lat'>3.</span> <span class='ocrx_word' id='word_1_3' title='bbox 536 210 656 250; x_wconf 82' lang='lat' dir='ltr'>Gaude,</span> <span class='ocrx_word' id='word_1_4' title='bbox 682 211 760 244; x_wconf 71' lang='lat' dir='ltr'>Sina</span> <span class='ocrx_word' id='word_1_5' title='bbox 782 219 862 251; x_wconf 81' lang='lat' dir='ltr'>quae</span> <span class='ocrx_word' id='word_1_6' title='bbox 886 209 1034 250; x_wconf 81' lang='lat' dir='ltr'>portaris,</span> 
     </span>
     <span class='ocr_line' id='line_1_3' title="bbox 537 258 875 299; baseline -0.006 -7"><span class='ocrx_word' id='word_1_7' title='bbox 537 258 602 292; x_wconf 87' lang='lat' dir='ltr'>Ubi</span> <span class='ocrx_word' id='word_1_8' title='bbox 625 258 690 299; x_wconf 83' lang='lat' dir='ltr'>iugi</span> <span class='ocrx_word' id='word_1_9' title='bbox 715 259 875 290; x_wconf 84' lang='lat' dir='ltr'>veneraris</span> 
     </span>
     <span class='ocr_line' id='line_1_4' title="bbox 587 305 872 346; baseline -0.007 -8"><span class='ocrx_word' id='word_1_10' title='bbox 587 306 657 338; x_wconf 90' lang='lat' dir='ltr'>Olei</span> <span class='ocrx_word' id='word_1_11' title='bbox 680 305 872 346; x_wconf 77' lang='lat' dir='ltr'>propagine,</span> 
     </span>
     <span class='ocr_line' id='line_1_5' title="bbox 538 352 948 393; baseline -0.005 -7"><span class='ocrx_word' id='word_1_12' title='bbox 538 354 562 386; x_wconf 97' lang='lat' dir='ltr'>O</span> <span class='ocrx_word' id='word_1_13' title='bbox 589 353 682 385; x_wconf 80' lang='lat' dir='ltr'>beata</span> <span class='ocrx_word' id='word_1_14' title='bbox 706 356 778 393; x_wconf 80' lang='lat' dir='ltr'>post.</span> <span class='ocrx_word' id='word_1_15' title='bbox 800 352 948 393; x_wconf 81' lang='lat' dir='ltr'>Mariam,</span> 
     </span>
     <span class='ocr_line' id='line_1_6' title="bbox 543 399 973 440; baseline 0 -9"><span class='ocrx_word' id='word_1_16' title='bbox 543 399 643 431; x_wconf 88' lang='lat' dir='ltr'>Nobis</span> <span class='ocrx_word' id='word_1_17' title='bbox 667 400 753 440; x_wconf 86' lang='lat' dir='ltr'>piam</span> <span class='ocrx_word' id='word_1_18' title='bbox 776 408 855 440; x_wconf 89' lang='lat' dir='ltr'>para</span> <span class='ocrx_word' id='word_1_19' title='bbox 880 400 973 439; x_wconf 86' lang='lat' dir='ltr'>viam,</span> 
     </span>
     <span class='ocr_line' id='line_1_7' title="bbox 584 445 967 479; baseline 0 0"><span class='ocrx_word' id='word_1_20' title='bbox 584 447 636 479; x_wconf 77' lang='lat' dir='ltr'>Ne</span> <span class='ocrx_word' id='word_1_21' title='bbox 658 447 803 479; x_wconf 81' lang='lat' dir='ltr'>labamur</span> <span class='ocrx_word' id='word_1_22' title='bbox 829 445 967 479; x_wconf 83' lang='lat' dir='ltr'>erimine.</span> 
     </span>
    </p>
   </div>
   <div class='ocr_carea' id='block_1_3' title="bbox 205 509 1056 542">
    <p class='ocr_par' dir='ltr' id='par_1_3' title="bbox 205 509 1056 542">
     <span class='ocr_line' id='line_1_8' title="bbox 205 509 1056 542; baseline 0.001 -5"><span class='ocrx_word' id='word_1_23' title='bbox 205 510 273 538; x_wconf 59' lang='lat' dir='ltr'>(jod.</span> <span class='ocrx_word' id='word_1_24' title='bbox 297 511 422 539; x_wconf 79' lang='lat' dir='ltr'>Parisin.</span> <span class='ocrx_word' id='word_1_25' title='bbox 445 509 550 540; x_wconf 82' lang='lat'>11343.</span> <span class='ocrx_word' id='word_1_26' title='bbox 570 519 645 540; x_wconf 74' lang='lat' dir='ltr'>saec.</span> <span class='ocrx_word' id='word_1_27' title='bbox 666 511 709 540; x_wconf 80' lang='lat'>15.</span> <span class='ocrx_word' id='word_1_28' title='bbox 787 509 812 542; x_wconf 68' lang='lat'>2.</span> <span class='ocrx_word' id='word_1_29' title='bbox 834 511 851 539; x_wconf 83' lang='lat'><em>2</em></span> <span class='ocrx_word' id='word_1_30' title='bbox 872 510 1056 539; x_wconf 62' lang='lat' dir='ltr'>convertisti.</span> 
     </span>
    </p>
   </div>
   <div class='ocr_carea' id='block_1_4' title="bbox 543 629 1012 661">
    <p class='ocr_par' dir='ltr' id='par_1_4' title="bbox 543 629 1012 661">
     <span class='ocr_line' id='line_1_9' title="bbox 543 629 1012 661; baseline -0.002 -1"><span class='ocrx_word' id='word_1_31' title='bbox 543 629 604 661; x_wconf 86' lang='grc'>214.</span> <span class='ocrx_word' id='word_1_32' title='bbox 634 629 677 661; x_wconf 84' lang='lat' dir='ltr'>De</span> <span class='ocrx_word' id='word_1_33' title='bbox 697 631 805 661; x_wconf 78' lang='lat' dir='ltr'>sancta</span> <span class='ocrx_word' id='word_1_34' title='bbox 826 629 1012 660; x_wconf 75' lang='lat' dir='ltr'>Katharina.</span> 
     </span>
    </p>
   </div>
   <div class='ocr_carea' id='block_1_5' title="bbox 146 707 1341 750">
    <p class='ocr_par' dir='ltr' id='par_1_5' title="bbox 146 707 1341 750">
     <span class='ocr_line' id='line_1_10' title="bbox 146 707 1341 750; baseline -0.002 -9"><span class='ocrx_word' id='word_1_35' title='bbox 146 709 174 742; x_wconf 88' lang='lat'>1.</span> <span class='ocrx_word' id='word_1_36' title='bbox 204 708 324 750; x_wconf 80' lang='lat' dir='ltr'>Gaude,</span> <span class='ocrx_word' id='word_1_37' title='bbox 352 708 440 748; x_wconf 88' lang='lat' dir='ltr'>virgo</span> <span class='ocrx_word' id='word_1_38' title='bbox 465 717 582 748; x_wconf 80' lang='lat' dir='ltr'>sponsa</span> <span class='ocrx_word' id='word_1_39' title='bbox 607 707 735 746; x_wconf 83' lang='lat' dir='ltr'>Christi,</span> <span class='ocrx_word' id='word_1_40' title='bbox 819 710 850 741; x_wconf 84' lang='lat'>3.</span> <span class='ocrx_word' id='word_1_41' title='bbox 878 708 999 747; x_wconf 81' lang='lat' dir='ltr'><strong>Gaude,</strong></span> <span class='ocrx_word' id='word_1_42' title='bbox 1032 708 1119 748; x_wconf 87' lang='lat' dir='ltr'>virgo</span> <span class='ocrx_word' id='word_1_43' title='bbox 1144 709 1212 740; x_wconf 88' lang='lat' dir='ltr'>Deo</span> <span class='ocrx_word' id='word_1_44' title='bbox 1236 708 1341 747; x_wconf 81' lang='lat' dir='ltr'>plena,</span> 
     </span>
    </p>
   </div>
   <div class='ocr_carea' id='block_1_6' title="bbox 146 754 1405 1283">
    <p class='ocr_par' dir='ltr' id='par_1_6' title="bbox 146 754 1405 1283">
     <span class='ocr_line' id='line_1_11' title="bbox 200 754 1380 794; baseline -0.001 -8"><span class='ocrx_word' id='word_1_45' title='bbox 200 756 287 794; x_wconf 72' lang='lat' dir='ltr'>Quae</span> <span class='ocrx_word' id='word_1_46' title='bbox 308 755 418 786; x_wconf 80' lang='lat' dir='ltr'>videre</span> <span class='ocrx_word' id='word_1_47' title='bbox 441 755 585 787; x_wconf 81' lang='lat' dir='ltr'>meruisti</span> <span class='ocrx_word' id='word_1_48' title='bbox 877 754 960 787; x_wconf 79' lang='lat' dir='ltr'>Nam</span> <span class='ocrx_word' id='word_1_49' title='bbox 984 757 1123 787; x_wconf 81' lang='lat' dir='ltr'>rotarum</span> <span class='ocrx_word' id='word_1_50' title='bbox 1150 754 1253 786; x_wconf 76' lang='lat' dir='ltr'>fracta</span> <span class='ocrx_word' id='word_1_51' title='bbox 1277 763 1380 793; x_wconf 82' lang='lat' dir='ltr'>poena</span> 
     </span>
     <span class='ocr_line' id='line_1_12' title="bbox 250 801 1336 842; baseline -0.001 -9"><span class='ocrx_word' id='word_1_52' title='bbox 250 802 365 834; x_wconf 83' lang='lat' dir='ltr'>Vivens</span> <span class='ocrx_word' id='word_1_53' title='bbox 394 802 455 834; x_wconf 91' lang='lat' dir='ltr'>Dei</span> <span class='ocrx_word' id='word_1_54' title='bbox 479 801 588 842; x_wconf 89' lang='lat' dir='ltr'>filium,</span> <span class='ocrx_word' id='word_1_55' title='bbox 923 801 995 834; x_wconf 79' lang='lat' dir='ltr'>Non</span> <span class='ocrx_word' id='word_1_56' title='bbox 1020 803 1116 834; x_wconf 85' lang='lat' dir='ltr'>sentis</span> <span class='ocrx_word' id='word_1_57' title='bbox 1142 801 1336 841; x_wconf 83' lang='lat' dir='ltr'>martyrium,</span> 
     </span>
     <span class='ocr_line' id='line_1_13' title="bbox 202 848 1342 892; baseline -0.002 -11"><span class='ocrx_word' id='word_1_58' title='bbox 202 849 322 892; x_wconf 81' lang='lat' dir='ltr'><strong>Gaude,</strong></span> <span class='ocrx_word' id='word_1_59' title='bbox 350 850 423 888; x_wconf 83' lang='lat' dir='ltr'>quia</span> <span class='ocrx_word' id='word_1_60' title='bbox 446 849 609 881; x_wconf 79' lang='lat' dir='ltr'>convicisti</span> <span class='ocrx_word' id='word_1_61' title='bbox 880 848 999 887; x_wconf 84' lang='lat' dir='ltr'>Gaude,</span> <span class='ocrx_word' id='word_1_62' title='bbox 1027 849 1099 889; x_wconf 86' lang='lat' dir='ltr'>quia</span> <span class='ocrx_word' id='word_1_63' title='bbox 1124 858 1185 890; x_wconf 70' lang='lat' dir='ltr'>vex</span> <span class='ocrx_word' id='word_1_64' title='bbox 1210 857 1342 880; x_wconf 88' lang='lat' dir='ltr'>amoena</span> 
     </span>
     <span class='ocr_line' id='line_1_14' title="bbox 200 896 1229 936; baseline -0.002 -8"><span class='ocrx_word' id='word_1_65' title='bbox 200 896 376 936; x_wconf 79' lang='lat' dir='ltr'>Sapientes,</span> <span class='ocrx_word' id='word_1_66' title='bbox 402 905 479 935; x_wconf 81' lang='lat' dir='ltr'>quos</span> <span class='ocrx_word' id='word_1_67' title='bbox 504 896 630 928; x_wconf 79' lang='lat' dir='ltr'><strong>traxisti</strong></span> <span class='ocrx_word' id='word_1_68' title='bbox 879 896 965 928; x_wconf 86' lang='lat' dir='ltr'>Caeli</span> <span class='ocrx_word' id='word_1_69' title='bbox 990 897 1093 935; x_wconf 81' lang='lat' dir='ltr'>patuit</span> <span class='ocrx_word' id='word_1_70' title='bbox 1117 905 1229 928; x_wconf 86' lang='lat' dir='ltr'>serena</span> 
     </span>
     <span class='ocr_line' id='line_1_15' title="bbox 249 942 1265 984; baseline -0.001 -9"><span class='ocrx_word' id='word_1_71' title='bbox 249 943 366 975; x_wconf 78' lang='lat' dir='ltr'>Tecum</span> <span class='ocrx_word' id='word_1_72' title='bbox 391 943 432 976; x_wconf 91' lang='lat' dir='ltr'>ad</span> <span class='ocrx_word' id='word_1_73' title='bbox 456 943 654 984; x_wconf 84' lang='lat' dir='ltr'>martyrium.</span> <span class='ocrx_word' id='word_1_74' title='bbox 926 943 978 974; x_wconf 92' lang='lat' dir='ltr'>Ad</span> <span class='ocrx_word' id='word_1_75' title='bbox 1004 943 1048 974; x_wconf 84' lang='lat' dir='ltr'>tui</span> <span class='ocrx_word' id='word_1_76' title='bbox 1075 942 1265 984; x_wconf 82' lang='lat' dir='ltr'>suffragium.</span> 
     </span>
     <span class='ocr_line' id='line_1_16' title="bbox 146 1007 1332 1052; baseline -0.002 -11"><span class='ocrx_word' id='word_1_77' title='bbox 146 1011 175 1041; x_wconf 87' lang='lat'>2.</span> <span class='ocrx_word' id='word_1_78' title='bbox 205 1008 326 1048; x_wconf 80' lang='lat' dir='ltr'>Gaude,</span> <span class='ocrx_word' id='word_1_79' title='bbox 352 1007 409 1040; x_wconf 89' lang='lat' dir='ltr'>flos</span> <span class='ocrx_word' id='word_1_80' title='bbox 435 1009 636 1049; x_wconf 84' lang='lat' dir='ltr'>virginitatis,</span> <span class='ocrx_word' id='word_1_81' title='bbox 823 1010 854 1040; x_wconf 88' lang='lat'>4.</span> <span class='ocrx_word' id='word_1_82' title='bbox 883 1008 1004 1052; x_wconf 80' lang='lat' dir='ltr'>Gaude,</span> <span class='ocrx_word' id='word_1_83' title='bbox 1033 1009 1120 1049; x_wconf 86' lang='lat' dir='ltr'>virgo</span> <span class='ocrx_word' id='word_1_84' title='bbox 1147 1013 1176 1040; x_wconf 89' lang='lat' dir='ltr'>et</span> <span class='ocrx_word' id='word_1_85' title='bbox 1203 1008 1332 1047; x_wconf 82' lang='lat' dir='ltr'>athleta,</span> 
     </span>
     <span class='ocr_line' id='line_1_17' title="bbox 204 1055 1368 1096; baseline -0.001 -9"><span class='ocrx_word' id='word_1_86' title='bbox 204 1055 289 1094; x_wconf 79' lang='lat' dir='ltr'>Quae</span> <span class='ocrx_word' id='word_1_87' title='bbox 308 1056 344 1087; x_wconf 82' lang='lat' dir='ltr'>in</span> <span class='ocrx_word' id='word_1_88' title='bbox 367 1056 490 1096; x_wconf 81' lang='lat' dir='ltr'>signum</span> <span class='ocrx_word' id='word_1_89' title='bbox 516 1055 671 1087; x_wconf 82' lang='lat' dir='ltr'>eastitatis</span> <span class='ocrx_word' id='word_1_90' title='bbox 877 1056 954 1087; x_wconf 83' lang='lat' dir='ltr'>Post</span> <span class='ocrx_word' id='word_1_91' title='bbox 974 1059 1132 1087; x_wconf 81' lang='lat' dir='ltr'>tormenta</span> <span class='ocrx_word' id='word_1_92' title='bbox 1148 1056 1264 1087; x_wconf 81' lang='lat' dir='ltr'>transis</span> <span class='ocrx_word' id='word_1_93' title='bbox 1283 1055 1368 1087; x_wconf 82' lang='lat' dir='ltr'>laeta</span> 
     </span>
     <span class='ocr_line' id='line_1_18' title="bbox 251 1101 1268 1143; baseline -0.001 -9"><span class='ocrx_word' id='word_1_94' title='bbox 251 1101 317 1134; x_wconf 76' lang='lat' dir='ltr'>Lao</span> <span class='ocrx_word' id='word_1_95' title='bbox 341 1101 448 1135; x_wconf 82' lang='lat' dir='ltr'>fundis</span> <span class='ocrx_word' id='word_1_96' title='bbox 473 1103 685 1143; x_wconf 78' lang='lat' dir='ltr'>purissimum,</span> <span class='ocrx_word' id='word_1_97' title='bbox 925 1102 978 1134; x_wconf 91' lang='lat' dir='ltr'>Ad</span> <span class='ocrx_word' id='word_1_98' title='bbox 1004 1103 1082 1135; x_wconf 80' lang='lat' dir='ltr'>caeli</span> <span class='ocrx_word' id='word_1_99' title='bbox 1106 1102 1268 1143; x_wconf 84' lang='lat' dir='ltr'>palatium,</span> 
     </span>
     <span class='ocr_line' id='line_1_19' title="bbox 204 1148 1361 1189; baseline -0.001 -8"><span class='ocrx_word' id='word_1_100' title='bbox 204 1149 324 1188; x_wconf 84' lang='lat' dir='ltr'>Gaude,</span> <span class='ocrx_word' id='word_1_101' title='bbox 351 1150 424 1189; x_wconf 83' lang='lat' dir='ltr'>quia</span> <span class='ocrx_word' id='word_1_102' title='bbox 448 1150 625 1183; x_wconf 78' lang='lat' dir='ltr'>sanctitatis</span> <span class='ocrx_word' id='word_1_103' title='bbox 879 1149 944 1183; x_wconf 83' lang='lat' dir='ltr'>Ubi</span> <span class='ocrx_word' id='word_1_104' title='bbox 969 1148 1030 1185; x_wconf 82' lang='lat' dir='ltr'>fac.</span> <span class='ocrx_word' id='word_1_105' title='bbox 1056 1153 1091 1181; x_wconf 83' lang='lat' dir='ltr'>ut</span> <span class='ocrx_word' id='word_1_106' title='bbox 1115 1151 1217 1181; x_wconf 78' lang='lat' dir='ltr'>tecum</span> <span class='ocrx_word' id='word_1_107' title='bbox 1242 1152 1361 1181; x_wconf 82' lang='lat' dir='ltr'>stantes</span> 
     </span>
     <span class='ocr_line' id='line_1_20' title="bbox 201 1195 1312 1237; baseline 0 -10"><span class='ocrx_word' id='word_1_108' title='bbox 201 1195 322 1236; x_wconf 87' lang='lat' dir='ltr'>Liquor</span> <span class='ocrx_word' id='word_1_109' title='bbox 347 1201 463 1237; x_wconf 80' lang='lat' dir='ltr'>manat,</span> <span class='ocrx_word' id='word_1_110' title='bbox 494 1197 546 1236; x_wconf 88' lang='lat' dir='ltr'>qui</span> <span class='ocrx_word' id='word_1_111' title='bbox 572 1196 627 1228; x_wconf 85' lang='lat' dir='ltr'>dat</span> <span class='ocrx_word' id='word_1_112' title='bbox 651 1196 749 1236; x_wconf 80' lang='lat' dir='ltr'>gratis</span> <span class='ocrx_word' id='word_1_113' title='bbox 881 1196 1101 1230; x_wconf 80' lang='lat' dir='ltr'>collaudemus</span> <span class='ocrx_word' id='word_1_114' title='bbox 1132 1196 1312 1237; x_wconf 85' lang='lat' dir='ltr'>iubilantes,</span> 
     </span>
     <span class='ocr_line' id='line_1_21' title="bbox 252 1242 1405 1283; baseline 0 -8"><span class='ocrx_word' id='word_1_115' title='bbox 252 1242 370 1275; x_wconf 87' lang='lat' dir='ltr'>Salutis</span> <span class='ocrx_word' id='word_1_116' title='bbox 395 1243 579 1276; x_wconf 86' lang='lat' dir='ltr'>remedium.</span> <span class='ocrx_word' id='word_1_117' title='bbox 928 1244 1024 1283; x_wconf 84' lang='lat' dir='ltr'>Quem</span> <span class='ocrx_word' id='word_1_118' title='bbox 1051 1244 1153 1275; x_wconf 83' lang='lat' dir='ltr'>cernis</span> <span class='ocrx_word' id='word_1_119' title='bbox 1178 1244 1210 1274; x_wconf 90' lang='lat' dir='ltr'>in</span> <span class='ocrx_word' id='word_1_120' title='bbox 1236 1244 1405 1275; x_wconf 82' lang='lat' dir='ltr'>saeculum.</span> 
     </span>
    </p>
   </div>
   <div class='ocr_carea' id='block_1_7' title="bbox 209 1306 1245 1344">
    <p class='ocr_par' dir='ltr' id='par_1_7' title="bbox 209 1306 1245 1344">
     <span class='ocr_line' id='line_1_22' title="bbox 209 1306 1245 1344; baseline -0.001 -9"><span class='ocrx_word' id='word_1_121' title='bbox 209 1308 289 1335; x_wconf 77' lang='lat' dir='ltr'>Orat.</span> <span class='ocrx_word' id='word_1_122' title='bbox 311 1316 362 1335; x_wconf 82' lang='lat' dir='ltr'>ms.</span> <span class='ocrx_word' id='word_1_123' title='bbox 383 1308 518 1335; x_wconf 77' lang='lat' dir='ltr'>Italicum</span> <span class='ocrx_word' id='word_1_124' title='bbox 540 1316 614 1336; x_wconf 80' lang='lat' dir='ltr'>saec.</span> <span class='ocrx_word' id='word_1_125' title='bbox 633 1306 676 1335; x_wconf 79' lang='lat'>15.</span> <span class='ocrx_word' id='word_1_126' title='bbox 717 1307 785 1335; x_wconf 82' lang='lat' dir='ltr'>Cod.</span> <span class='ocrx_word' id='word_1_127' title='bbox 808 1311 836 1335; x_wconf 61' lang='grc' dir='ltr'>ὃ.</span> <span class='ocrx_word' id='word_1_128' title='bbox 860 1308 966 1344; x_wconf 74' lang='lat' dir='ltr'>Ignatii</span> <span class='ocrx_word' id='word_1_129' title='bbox 989 1308 1151 1336; x_wconf 86' lang='lat' dir='ltr'>Londinen.</span> <span class='ocrx_word' id='word_1_130' title='bbox 1177 1324 1189 1330; x_wconf 57' lang='lat'>«-</span> <span class='ocrx_word' id='word_1_131' title='bbox 1218 1317 1245 1335; x_wconf 89' lang='lat' dir='ltr'>n.</span> 
     </span>
    </p>
   </div>
   <div class='ocr_carea' id='block_1_8' title="bbox 546 1427 1020 1459">
    <p class='ocr_par' dir='ltr' id='par_1_8' title="bbox 546 1427 1020 1459">
     <span class='ocr_line' id='line_1_23' title="bbox 546 1427 1020 1459; baseline -0.002 0"><span class='ocrx_word' id='word_1_132' title='bbox 546 1427 606 1459; x_wconf 80' lang='lat'>215.</span> <span class='ocrx_word' id='word_1_133' title='bbox 638 1427 680 1459; x_wconf 89' lang='lat' dir='ltr'>De</span> <span class='ocrx_word' id='word_1_134' title='bbox 701 1429 811 1458; x_wconf 70' lang='lat' dir='ltr'>saneta</span> <span class='ocrx_word' id='word_1_135' title='bbox 833 1427 1020 1459; x_wconf 80' lang='lat' dir='ltr'>Katharina.</span> 
     </span>
    </p>
   </div>
   <div class='ocr_carea' id='block_1_9' title="bbox 148 1502 1343 1779">
    <p class='ocr_par' dir='ltr' id='par_1_9' title="bbox 148 1502 1343 1779">
     <span class='ocr_line' id='line_1_24' title="bbox 148 1502 1321 1545; baseline -0.003 -9"><span class='ocrx_word' id='word_1_136' title='bbox 148 1504 177 1536; x_wconf 83' lang='lat'>1.</span> <span class='ocrx_word' id='word_1_137' title='bbox 206 1503 325 1543; x_wconf 89' lang='lat' dir='ltr'>Gaude,</span> <span class='ocrx_word' id='word_1_138' title='bbox 353 1504 441 1544; x_wconf 86' lang='lat' dir='ltr'>virgo</span> <span class='ocrx_word' id='word_1_139' title='bbox 468 1503 654 1540; x_wconf 78' lang='lat' dir='ltr'>Katharma,</span> <span class='ocrx_word' id='word_1_140' title='bbox 822 1504 853 1534; x_wconf 79' lang='lat'>2.</span> <span class='ocrx_word' id='word_1_141' title='bbox 881 1502 1000 1545; x_wconf 80' lang='lat' dir='ltr'>Gaude,</span> <span class='ocrx_word' id='word_1_142' title='bbox 1028 1503 1101 1544; x_wconf 84' lang='lat' dir='ltr'>quia</span> <span class='ocrx_word' id='word_1_143' title='bbox 1128 1502 1213 1535; x_wconf 81' lang='lat' dir='ltr'>diras</span> <span class='ocrx_word' id='word_1_144' title='bbox 1237 1505 1321 1534; x_wconf 86' lang='lat' dir='ltr'>rotas</span> 
     </span>
     <span class='ocr_line' id='line_1_25' title="bbox 205 1550 1306 1591; baseline -0.001 -10"><span class='ocrx_word' id='word_1_145' title='bbox 205 1552 292 1589; x_wconf 73' lang='lat' dir='ltr'>Quae</span> <span class='ocrx_word' id='word_1_146' title='bbox 316 1551 456 1590; x_wconf 83' lang='lat' dir='ltr'>reginam</span> <span class='ocrx_word' id='word_1_147' title='bbox 481 1560 500 1582; x_wconf 85' lang='lat' dir='ltr'>a</span> <span class='ocrx_word' id='word_1_148' title='bbox 523 1551 616 1581; x_wconf 85' lang='lat' dir='ltr'>ruina</span> <span class='ocrx_word' id='word_1_149' title='bbox 879 1550 978 1582; x_wconf 88' lang='lat' dir='ltr'>Morti</span> <span class='ocrx_word' id='word_1_150' title='bbox 1002 1553 1074 1582; x_wconf 81' lang='lat' dir='ltr'>tuae</span> <span class='ocrx_word' id='word_1_151' title='bbox 1099 1553 1306 1591; x_wconf 86' lang='lat' dir='ltr'>praeparatas</span> 
     </span>
     <span class='ocr_line' id='line_1_26' title="bbox 251 1597 1271 1637; baseline -0.002 -7"><span class='ocrx_word' id='word_1_152' title='bbox 251 1597 471 1630; x_wconf 80' lang='lat' dir='ltr'>Praedieando</span> <span class='ocrx_word' id='word_1_153' title='bbox 502 1601 715 1637; x_wconf 80' lang='lat' dir='ltr'>converteras,</span> <span class='ocrx_word' id='word_1_154' title='bbox 926 1597 1097 1630; x_wconf 76' lang='lat' dir='ltr'>Exorando</span> <span class='ocrx_word' id='word_1_155' title='bbox 1125 1597 1271 1636; x_wconf 81' lang='lat' dir='ltr'>dissipas,</span> 
     </span>
     <span class='ocr_line' id='line_1_27' title="bbox 206 1644 1291 1688; baseline 0 -12"><span class='ocrx_word' id='word_1_156' title='bbox 206 1645 325 1688; x_wconf 82' lang='lat' dir='ltr'>Gaude,</span> <span class='ocrx_word' id='word_1_157' title='bbox 353 1645 427 1684; x_wconf 83' lang='lat' dir='ltr'>quia</span> <span class='ocrx_word' id='word_1_158' title='bbox 452 1644 603 1677; x_wconf 81' lang='lat' dir='ltr'>clariores</span> <span class='ocrx_word' id='word_1_159' title='bbox 881 1644 1003 1688; x_wconf 83' lang='lat' dir='ltr'>Gaude,</span> <span class='ocrx_word' id='word_1_160' title='bbox 1031 1645 1105 1685; x_wconf 87' lang='lat' dir='ltr'>quia</span> <span class='ocrx_word' id='word_1_161' title='bbox 1127 1644 1291 1677; x_wconf 79' lang='lat' dir='ltr'>moriendo</span> 
     </span>
     <span class='ocr_line' id='line_1_28' title="bbox 202 1691 1343 1724; baseline 0 -1"><span class='ocrx_word' id='word_1_162' title='bbox 202 1692 304 1724; x_wconf 79' lang='lat' dir='ltr'>Huius</span> <span class='ocrx_word' id='word_1_163' title='bbox 330 1691 439 1724; x_wconf 88' lang='lat' dir='ltr'>mundi</span> <span class='ocrx_word' id='word_1_164' title='bbox 461 1694 602 1724; x_wconf 83' lang='lat' dir='ltr'>oratores</span> <span class='ocrx_word' id='word_1_165' title='bbox 881 1692 943 1724; x_wconf 84' lang='lat' dir='ltr'>Pro</span> <span class='ocrx_word' id='word_1_166' title='bbox 970 1700 1082 1724; x_wconf 87' lang='lat' dir='ltr'>eruore</span> <span class='ocrx_word' id='word_1_167' title='bbox 1105 1693 1157 1724; x_wconf 76' lang='lat' dir='ltr'>lae</span> <span class='ocrx_word' id='word_1_168' title='bbox 1181 1691 1343 1724; x_wconf 85' lang='lat' dir='ltr'>fundendo</span> 
     </span>
     <span class='ocr_line' id='line_1_29' title="bbox 245 1737 1273 1779; baseline 0.002 -9"><span class='ocrx_word' id='word_1_169' title='bbox 245 1739 436 1778; x_wconf 85' lang='lat' dir='ltr'>Disputanto</span> <span class='ocrx_word' id='word_1_170' title='bbox 461 1748 601 1779; x_wconf 82' lang='lat' dir='ltr'>superaS.</span> <span class='ocrx_word' id='word_1_171' title='bbox 928 1739 1083 1779; x_wconf 85' lang='lat' dir='ltr'>Populum</span> <span class='ocrx_word' id='word_1_172' title='bbox 1109 1737 1273 1773; x_wconf 80' lang='lat' dir='ltr'>laetificas.</span> 
     </span>
    </p>
   </div>
   <div class='ocr_carea' id='block_1_10' title="bbox 484 1805 1004 1933">
    <p class='ocr_par' dir='ltr' id='par_1_10' title="bbox 484 1805 1004 1933">
     <span class='ocr_line' id='line_1_30' title="bbox 484 1805 970 1845; baseline 0 -7"><span class='ocrx_word' id='word_1_173' title='bbox 484 1807 514 1839; x_wconf 85' lang='lat'>3.</span> <span class='ocrx_word' id='word_1_174' title='bbox 542 1805 662 1845; x_wconf 86' lang='lat' dir='ltr'>Gaude,</span> <span class='ocrx_word' id='word_1_175' title='bbox 690 1805 763 1845; x_wconf 85' lang='lat' dir='ltr'>quia</span> <span class='ocrx_word' id='word_1_176' title='bbox 788 1806 970 1845; x_wconf 80' lang='lat' dir='ltr'>sepulturae</span> 
     </span>
     <span class='ocr_line' id='line_1_31' title="bbox 542 1852 977 1892; baseline 0.002 -8"><span class='ocrx_word' id='word_1_177' title='bbox 542 1852 662 1892; x_wconf 78' lang='lat' dir='ltr'>Corpus</span> <span class='ocrx_word' id='word_1_178' title='bbox 687 1855 773 1884; x_wconf 88' lang='lat' dir='ltr'>tuum</span> <span class='ocrx_word' id='word_1_179' title='bbox 799 1856 885 1885; x_wconf 82' lang='lat' dir='ltr'>tenet</span> <span class='ocrx_word' id='word_1_180' title='bbox 907 1853 977 1885; x_wconf 85' lang='lat' dir='ltr'>iure</span> 
     </span>
     <span class='ocr_line' id='line_1_32' title="bbox 588 1899 1004 1933; baseline 0.005 -2"><span class='ocrx_word' id='word_1_181' title='bbox 588 1899 706 1931; x_wconf 89' lang='lat' dir='ltr'>Montis</span> <span class='ocrx_word' id='word_1_182' title='bbox 732 1899 808 1932; x_wconf 86' lang='lat' dir='ltr'>Sina</span> <span class='ocrx_word' id='word_1_183' title='bbox 832 1901 1004 1933; x_wconf 85' lang='lat' dir='ltr'>summitas.</span> 
     </span>
    </p>
   </div>
   <div class='ocr_carea' id='block_1_11' title="bbox 129 1964 1430 2079">
    <p class='ocr_par' dir='ltr' id='par_1_11' title="bbox 129 1964 1430 2079">
     <span class='ocr_line' id='line_1_33' title="bbox 208 1964 1430 2000; baseline -0.001 -7"><span class='ocrx_word' id='word_1_184' title='bbox 208 1965 274 1993; x_wconf 59' lang='lat' dir='ltr'>(jod.</span> <span class='ocrx_word' id='word_1_185' title='bbox 297 1965 325 1993; x_wconf 82' lang='lat' dir='ltr'>S.</span> <span class='ocrx_word' id='word_1_186' title='bbox 350 1966 428 1993; x_wconf 83' lang='lat' dir='ltr'>Petri</span> <span class='ocrx_word' id='word_1_187' title='bbox 448 1964 648 2000; x_wconf 81' lang='lat' dir='ltr'>Salisburgen.</span> <span class='ocrx_word' id='word_1_188' title='bbox 669 1965 687 1992; x_wconf 92' lang='lat' dir='ltr'>b</span> <span class='ocrx_word' id='word_1_189' title='bbox 708 1966 780 1994; x_wconf 78' lang='lat' dir='ltr'>VIII</span> <span class='ocrx_word' id='word_1_190' title='bbox 802 1964 825 1993; x_wconf 87' lang='lat'>1.</span> <span class='ocrx_word' id='word_1_191' title='bbox 847 1974 921 1994; x_wconf 73' lang='lat' dir='ltr'>saec.</span> <span class='ocrx_word' id='word_1_192' title='bbox 947 1965 988 1993; x_wconf 88' lang='grc'>15.</span> <span class='ocrx_word' id='word_1_193' title='bbox 1011 1968 1043 1993; x_wconf 75' lang='lat' dir='ltr'>A.</span> <span class='ocrx_word' id='word_1_194' title='bbox 1089 1982 1098 1986; x_wconf 95' lang='lat'><em>-</em></span> <span class='ocrx_word' id='word_1_195' title='bbox 1119 1965 1187 1994; x_wconf 80' lang='lat' dir='ltr'>Cod.</span> <span class='ocrx_word' id='word_1_196' title='bbox 1201 1966 1231 1993; x_wconf 70' lang='lat' dir='ltr'>S.</span> <span class='ocrx_word' id='word_1_197' title='bbox 1246 1967 1326 1994; x_wconf 83' lang='lat' dir='ltr'>Pet-n</span> <span class='ocrx_word' id='word_1_198' title='bbox 1340 1965 1430 1993; x_wconf 73' lang='lat' dir='ltr'>Salis-</span> 
     </span>
     <span class='ocr_line' id='line_1_34' title="bbox 129 2001 1430 2041; baseline -0.002 -10"><span class='ocrx_word' id='word_1_199' title='bbox 129 2004 251 2041; x_wconf 81' lang='lat' dir='ltr'>burgen.</span> <span class='ocrx_word' id='word_1_200' title='bbox 277 2011 296 2030; x_wconf 85' lang='lat' dir='ltr'>a</span> <span class='ocrx_word' id='word_1_201' title='bbox 318 2004 362 2032; x_wconf 85' lang='lat' dir='ltr'>VI</span> <span class='ocrx_word' id='word_1_202' title='bbox 386 2001 432 2031; x_wconf 80' lang='lat'>35.</span> <span class='ocrx_word' id='word_1_203' title='bbox 459 2011 534 2031; x_wconf 82' lang='lat' dir='ltr'>saec.</span> <span class='ocrx_word' id='word_1_204' title='bbox 561 2001 604 2030; x_wconf 88' lang='grc'>15.</span> <span class='ocrx_word' id='word_1_205' title='bbox 630 2005 663 2032; x_wconf 78' lang='grc' dir='ltr'>Β.</span> <span class='ocrx_word' id='word_1_206' title='bbox 691 2017 729 2022; x_wconf 81' lang='grc'><strong>-</strong></span> <span class='ocrx_word' id='word_1_207' title='bbox 754 2004 833 2032; x_wconf 76' lang='lat' dir='ltr'>Orat.</span> <span class='ocrx_word' id='word_1_208' title='bbox 860 2012 913 2031; x_wconf 90' lang='lat' dir='ltr'>ms.</span> <span class='ocrx_word' id='word_1_209' title='bbox 936 2005 1114 2040; x_wconf 70' lang='lat' dir='ltr'>&#39;regui-inum</span> <span class='ocrx_word' id='word_1_210' title='bbox 1140 2005 1210 2032; x_wconf 80' lang='lat' dir='ltr'>anni</span> <span class='ocrx_word' id='word_1_211' title='bbox 1235 2002 1316 2032; x_wconf 78' lang='lat'>1470.</span> <span class='ocrx_word' id='word_1_212' title='bbox 1358 2003 1430 2031; x_wconf 76' lang='lat' dir='ltr'>Cim.</span> 
     </span>
     <span class='ocr_line' id='line_1_35' title="bbox 130 2039 1164 2079; baseline 0 -11"><span class='ocrx_word' id='word_1_213' title='bbox 130 2042 283 2070; x_wconf 81' lang='lat' dir='ltr'>Monaeen-</span> <span class='ocrx_word' id='word_1_214' title='bbox 309 2039 414 2070; x_wconf 84' lang='lat'>20021.</span> <span class='ocrx_word' id='word_1_215' title='bbox 435 2040 466 2068; x_wconf 81' lang='grc' dir='ltr'>Ο.</span> <span class='ocrx_word' id='word_1_216' title='bbox 486 2055 523 2060; x_wconf 80' lang='lat'>——</span> <span class='ocrx_word' id='word_1_217' title='bbox 545 2041 606 2069; x_wconf 88' lang='lat' dir='ltr'>Auf</span> <span class='ocrx_word' id='word_1_218' title='bbox 622 2041 668 2069; x_wconf 87' lang='lat' dir='ltr'>die</span> <span class='ocrx_word' id='word_1_219' title='bbox 690 2042 795 2076; x_wconf 82' lang='lat' dir='ltr'>obigen</span> <span class='ocrx_word' id='word_1_220' title='bbox 814 2041 960 2078; x_wconf 80' lang='lat' dir='ltr'>Strophen</span> <span class='ocrx_word' id='word_1_221' title='bbox 981 2042 1057 2079; x_wconf 78' lang='lat' dir='ltr'>folgt.</span> <span class='ocrx_word' id='word_1_222' title='bbox 1074 2042 1164 2070; x_wconf 80' lang='lat' dir='ltr'>noch:</span> 
     </span>
    </p>
   </div>
   <div class='ocr_carea' id='block_1_12' title="bbox 217 2097 1265 2136">
    <p class='ocr_par' dir='ltr' id='par_1_12' title="bbox 217 2097 1265 2136">
     <span class='ocr_line' id='line_1_36' title="bbox 217 2097 1265 2136; baseline 0 -10"><span class='ocrx_word' id='word_1_223' title='bbox 217 2097 244 2126; x_wconf 91' lang='lat'>4.</span> <span class='ocrx_word' id='word_1_224' title='bbox 266 2099 375 2132; x_wconf 84' lang='lat' dir='ltr'>Gaude,</span> <span class='ocrx_word' id='word_1_225' title='bbox 397 2099 470 2126; x_wconf 83' lang='lat' dir='ltr'>rivis</span> <span class='ocrx_word' id='word_1_226' title='bbox 492 2098 550 2126; x_wconf 87' lang='lat' dir='ltr'>olei</span> <span class='ocrx_word' id='word_1_227' title='bbox 896 2097 921 2125; x_wconf 86' lang='lat'>5.</span> <span class='ocrx_word' id='word_1_228' title='bbox 943 2099 1052 2133; x_wconf 82' lang='lat' dir='ltr'>Gaude,</span> <span class='ocrx_word' id='word_1_229' title='bbox 1073 2100 1156 2136; x_wconf 78' lang='lat' dir='ltr'>virgo</span> <span class='ocrx_word' id='word_1_230' title='bbox 1176 2100 1265 2135; x_wconf 77' lang='lat' dir='ltr'>regia,</span> 
     </span>
    </p>
   </div>
   <div class='ocr_carea' id='block_1_13' title="bbox 261 2136 1339 2250">
    <p class='ocr_par' dir='ltr' id='par_1_13' title="bbox 261 2136 1339 2250">
     <span class='ocr_line' id='line_1_37' title="bbox 300 2136 1339 2174; baseline 0.001 -10"><span class='ocrx_word' id='word_1_231' title='bbox 300 2136 470 2173; x_wconf 85' lang='lat' dir='ltr'>Languidos</span> <span class='ocrx_word' id='word_1_232' title='bbox 492 2136 630 2167; x_wconf 74' lang='lat' dir='ltr'>sanando,</span> <span class='ocrx_word' id='word_1_233' title='bbox 977 2137 1088 2174; x_wconf 79' lang='lat' dir='ltr'>Regem</span> <span class='ocrx_word' id='word_1_234' title='bbox 1108 2137 1339 2173; x_wconf 76' lang='lat' dir='ltr'>contemplando,</span> 
     </span>
     <span class='ocr_line' id='line_1_38' title="bbox 261 2174 1265 2211; baseline 0.002 -9"><span class='ocrx_word' id='word_1_235' title='bbox 261 2175 318 2208; x_wconf 80' lang='lat' dir='ltr'>Qui</span> <span class='ocrx_word' id='word_1_236' title='bbox 338 2175 374 2202; x_wconf 86' lang='lat' dir='ltr'>de</span> <span class='ocrx_word' id='word_1_237' title='bbox 392 2175 530 2202; x_wconf 85' lang='lat' dir='ltr'>membris</span> <span class='ocrx_word' id='word_1_238' title='bbox 551 2174 696 2211; x_wconf 82' lang='lat' dir='ltr'>prodeunt</span> <span class='ocrx_word' id='word_1_239' title='bbox 942 2175 1047 2203; x_wconf 85' lang='lat' dir='ltr'>Preces</span> <span class='ocrx_word' id='word_1_240' title='bbox 1068 2177 1133 2203; x_wconf 82' lang='lat' dir='ltr'>tuas</span> <span class='ocrx_word' id='word_1_241' title='bbox 1154 2177 1265 2204; x_wconf 78' lang='lat' dir='ltr'>sustine</span> 
     </span>
     <span class='ocr_line' id='line_1_39' title="bbox 295 2212 1285 2250; baseline 0.001 -10"><span class='ocrx_word' id='word_1_242' title='bbox 295 2213 407 2250; x_wconf 84' lang='lat' dir='ltr'>Iugiter</span> <span class='ocrx_word' id='word_1_243' title='bbox 427 2213 581 2241; x_wconf 86' lang='lat' dir='ltr'>manando.</span> <span class='ocrx_word' id='word_1_244' title='bbox 979 2212 1043 2242; x_wconf 86' lang='lat' dir='ltr'>Sibi</span> <span class='ocrx_word' id='word_1_245' title='bbox 1063 2214 1285 2250; x_wconf 75' lang='lat' dir='ltr'>praesentando.</span> 
     </span>
    </p>
   </div>
   <div class='ocr_carea' id='block_1_14' title="bbox 552 2269 938 2413">
    <p class='ocr_par' dir='ltr' id='par_1_14' title="bbox 552 2269 938 2413">
     <span class='ocr_line' id='line_1_40' title="bbox 552 2269 919 2307; baseline 0.003 -9"><span class='ocrx_word' id='word_1_246' title='bbox 552 2269 578 2298; x_wconf 88' lang='grc'>6.</span> <span class='ocrx_word' id='word_1_247' title='bbox 598 2270 640 2298; x_wconf 83' lang='lat' dir='ltr'>Ut</span> <span class='ocrx_word' id='word_1_248' title='bbox 658 2279 711 2307; x_wconf 85' lang='lat' dir='ltr'>pro</span> <span class='ocrx_word' id='word_1_249' title='bbox 732 2273 784 2298; x_wconf 84' lang='lat' dir='ltr'>tua.</span> <span class='ocrx_word' id='word_1_250' title='bbox 801 2273 919 2299; x_wconf 88' lang='lat' dir='ltr'>nomine</span> 
     </span>
     <span class='ocr_line' id='line_1_41' title="bbox 637 2309 913 2343; baseline 0.004 -7"><span class='ocrx_word' id='word_1_251' title='bbox 637 2309 731 2337; x_wconf 84' lang='lat' dir='ltr'>Nobis</span> <span class='ocrx_word' id='word_1_252' title='bbox 750 2310 913 2343; x_wconf 72' lang='lat' dir='ltr'>miseretur,</span> 
     </span>
     <span class='ocr_line' id='line_1_42' title="bbox 602 2347 938 2376; baseline 0.003 -2"><span class='ocrx_word' id='word_1_253' title='bbox 602 2347 704 2375; x_wconf 84' lang='lat' dir='ltr'>Omnis</span> <span class='ocrx_word' id='word_1_254' title='bbox 721 2348 777 2375; x_wconf 76' lang='lat' dir='ltr'>tibi</span> <span class='ocrx_word' id='word_1_255' title='bbox 794 2348 938 2376; x_wconf 84' lang='lat' dir='ltr'>famulans</span> 
     </span>
     <span class='ocr_line' id='line_1_43' title="bbox 637 2386 928 2413; baseline -0.003 0"><span class='ocrx_word' id='word_1_256' title='bbox 637 2386 747 2413; x_wconf 76' lang='lat' dir='ltr'>Tecum</span> <span class='ocrx_word' id='word_1_257' title='bbox 767 2388 928 2413; x_wconf 69' lang='lat' dir='ltr'>coronetur.</span> 
     </span>
    </p>
   </div>
  </div>
 </body>
</html>
