1655 2573
244 416 297 449 13.

240 712 292 744 14.

235 1009 288 1041 15.

233 1295 286 1328 16.

236 1584 289 1616 17.

228 1872 281 1905 18.

227 2161 280 2194 19.

742 158 992 195 -200-

319 256 367 287 Tu
393 256 554 296 speculum
577 256 728 297 iustitiae,

320 302 474 343 Fugatrix
496 305 532 334 tu
553 302 703 341 malitiae,

368 350 412 381 Es
440 350 579 382 veritatis
604 348 715 381 forma.

324 415 371 446 Tu
397 424 470 446 acus
496 423 528 446 cs
553 414 709 454 plumarii,

318 461 366 492 Tu
389 462 477 500 pinta
502 460 635 503 coriarii,

365 507 412 538 Tu
435 508 519 538 colus
544 507 657 538 mentis
680 505 742 545 fila,

320 553 367 584 Tu
393 562 465 593 spes
491 553 640 585 certantis
665 553 780 595 gladio,

321 598 481 631 Currentis
506 609 573 631 sors
598 599 630 630 in
655 600 769 639 stadio,

364 646 412 677 Tu
436 646 541 685 pontis
566 646 665 677 nostri
689 646 764 685 pila.

318 711 367 742 Tu
390 711 478 742 incus
501 713 536 742 tu
561 711 724 742 metalleus

318 757 363 788 Es
387 757 478 789 huius
503 756 586 789 fabri
610 758 751 799 malleuS,

362 804 518 835 Auroram
543 807 636 844 atque
660 805 756 835 solem

318 850 373 889 Qui
402 849 560 882 fabricans
586 851 780 890 conglutinat

317 897 361 928 Et
384 898 415 928 iu
440 899 559 928 statera
582 897 716 928 trutinat

362 943 472 974 Totius
498 944 582 975 orbis
606 944 730 977 molem.

313 1008 360 1039 Tu
385 1009 486 1040 noctis
510 1008 544 1039 in
568 1009 692 1041 silentio

315 1054 364 1085 Ne
389 1054 523 1086 Satanae
547 1057 731 1094 praeventio

358 1101 520 1132 Extendat
544 1100 665 1133 fraudis
691 1103 767 1145 lora,

314 1146 475 1179 Resistens
500 1148 532 1179 in
555 1149 679 1180 insidiis

311 1192 516 1233 Fulgentibus
541 1196 708 1234 praesidiis

359 1240 404 1272 Es
428 1241 560 1272 rutilans
585 1251 708 1275 aurora.

312 1295 360 1326 Tu
386 1296 467 1327 ensis
492 1296 655 1336 Apollonii

311 1342 350 1373 In
372 1342 456 1374 bello
479 1344 649 1376 testimonii

360 1388 547 1421 confortans
570 1390 805 1431 Maccabaeum,

313 1434 361 1465 Tu
385 1433 476 1466 fortis
503 1444 535 1467 es
561 1438 730 1469 vernacula

309 1480 413 1512 Acuta
438 1490 507 1512 cum
531 1484 683 1515 novacula

357 1527 534 1569 Decalvans
558 1529 738 1569 Assyreum.

316 1582 363 1613 Tu
387 1583 476 1615 navis
502 1592 534 1615 es
560 1585 737 1624 Armeniae,

306 1628 392 1661 Fons
422 1632 453 1661 et
478 1631 564 1670 origo
590 1633 708 1672 veniae,

357 1676 405 1707 Tu
429 1678 550 1716 gratiae
574 1678 718 1717 cisterna,

312 1722 359 1753 Tu
384 1722 488 1755 lumen
512 1732 544 1755 es
568 1724 600 1756 iu
625 1725 775 1766 tenebris,

311 1768 448 1800 Pecunia
472 1772 507 1801 tu
530 1769 687 1804 foenebris

356 1816 566 1849 Accumulans
592 1827 737 1858 superna.

307 1871 354 1902 Tu
380 1870 470 1904 fortis
493 1881 525 1904 es
550 1872 734 1914 afhaeresis,

310 1918 388 1950 Tam
401 1919 578 1952 schismatis
590 1930 681 1961 quam
691 1922 829 1955 haeresis

354 1965 528 1998 Eliminans
554 1976 684 2009 venena,

308 2011 358 2042 Tu
380 2012 477 2044 lotrix
501 2016 626 2054 tergens
651 2016 790 2055 crimina,

309 2058 502 2091 Collustrans
527 2062 631 2093 cordis
655 2062 774 2105 limina,

354 2105 403 2137 Tu
432 2106 526 2139 diluis
550 2108 713 2143 obscaena.

306 2160 420 2192 Tutum
444 2163 688 2206 reclinatorium,

305 2206 424 2246 Regale
450 2210 667 2243 consistorium

351 2253 396 2285 Es
421 2264 559 2287 summae
583 2258 734 2290 trinitatis

306 2299 482 2341 Patensque
508 2302 725 2346 diversorium,

305 2347 478 2387 Proselytis
504 2349 656 2382 ciborium

350 2394 486 2428 Divinae
511 2397 692 2433 maiestatis

914 254 968 287 20.
993 253 1038 285 Tc
1064 252 1168 284 cuncti
1192 252 1324 285 laudant
1346 253 1461 295 angeli,

907 581 961 613 21.

903 899 957 930 22.

901 1216 954 1248 23.

898 1532 954 1564 24.

899 1851 955 1883 25.

896 2170 951 2201 26.

993 299 1186 333 collaudant
1208 302 1241 330 et
1263 300 1455 343 archangeli,

1042 347 1155 380 Coetus
1180 347 1442 387 patriarcharum,

994 394 1040 425 Te
1063 396 1236 433 potestates
1262 395 1398 426 caelicae

991 440 1133 472 Virtutes
1159 443 1190 472 et
1214 441 1375 481 angelicae

1038 488 1115 520 Cum
1148 487 1251 519 turbis
1275 488 1512 527 prophetarum,

985 581 1031 612 Te
1053 581 1220 621 praedicat
1241 581 1413 625 theologus,

987 628 1033 659 Te
1056 627 1198 667 praefert
1221 628 1435 670 physiologus,

1035 675 1081 706 Te
1105 675 1257 714 medicus,
1284 676 1407 716 legista,

988 722 1035 753 Te
1058 722 1211 753 naturalis
1232 722 1393 762 physicus,

985 768 1123 800 Miratur
1151 769 1395 809 metaphysicus,

1033 815 1167 847 Extollit
1195 816 1368 848 canonista.

986 899 1158 931 Locutione
1188 908 1325 939 congrua

983 944 1132 977 Perfecta
1156 954 1215 977 nec
1236 947 1409 987 incongrua

1031 992 1261 1024 Grammaticus
1286 995 1318 1024 te
1341 994 1493 1034 praefert,

982 1038 1025 1070 Et
1048 1039 1168 1079 logicus
1193 1049 1255 1073 non
1280 1040 1440 1081 ambigens

982 1086 1010 1117 A
1035 1094 1111 1119 vero
1136 1085 1250 1118 falsum
1275 1087 1403 1126 abigens

1027 1130 1165 1165 Famosa
1191 1134 1230 1165 de
1254 1136 1286 1165 te
1310 1133 1419 1167 refert.

981 1216 1027 1247 Te
1051 1217 1198 1249 coloratis
1223 1216 1363 1260 floribus,

981 1262 1094 1294 Politis
1118 1264 1227 1296 rhetor
1250 1264 1391 1296 moribus

1025 1309 1162 1342 Extollit
1185 1311 1329 1354 gloriose,

979 1356 1023 1387 Et
1049 1357 1221 1389 calculator
1246 1358 1369 1390 ethicae

979 1402 1059 1434 Rem
1084 1406 1169 1435 tuam
1195 1404 1393 1436 arithmetice

1027 1449 1214 1483 Dinumerat
1238 1450 1366 1483 famose.

981 1532 1147 1565 Geometer
1171 1536 1355 1577 tetragonis,

978 1579 1179 1622 Pentagonis,
1204 1581 1385 1623 hexagonis,

1025 1626 1221 1667 Heptagonis
1246 1627 1353 1668 figuris

980 1672 1025 1703 Te
1050 1673 1191 1715 circinat,
1223 1677 1254 1706 et
1277 1675 1407 1708 naiades

979 1719 1026 1750 Te
1049 1720 1180 1752 laudant
1204 1723 1297 1761 atque
1324 1722 1461 1763 dryades

1024 1766 1069 1798 Et
1092 1776 1184 1799 omne
1207 1777 1321 1800 nomen
1345 1770 1438 1802 ruris.

981 1850 1027 1882 Te
1052 1860 1173 1891 quoque
1199 1861 1268 1884 cum
1292 1854 1487 1898 proceribus,

980 1897 1058 1930 Tam
1083 1899 1172 1931 novis
1198 1909 1290 1940 quam
1317 1901 1476 1933 veteribus

1026 1945 1188 1986 Astrologi
1212 1950 1379 1987 testantur,

979 1991 1025 2022 Te
1049 1993 1171 2033 stellae,
1197 1994 1277 2027 caeli
1301 1995 1415 2039 sidera,

978 2038 1024 2069 Te
1049 2039 1246 2078 planetarum
1272 2040 1403 2076 foedera

1027 2086 1103 2119 Cum
1128 2088 1225 2128 signis
1250 2093 1451 2123 venerantur.

976 2170 1023 2202 Te
1049 2171 1158 2203 lucens
1182 2173 1274 2211 polus
1299 2175 1446 2218 arcticus,

977 2217 1023 2248 Te
1047 2217 1176 2252 latitans
1203 2221 1394 2262 anarcticus,

1022 2263 1246 2304 Arthophylax
1271 2267 1390 2310 boetes,

975 2309 1021 2341 Te
1044 2310 1160 2343 lucifer
1185 2316 1217 2344 et
1239 2314 1385 2358 plyades,

976 2356 1073 2389 Orion
1097 2360 1191 2399 atque
1215 2360 1345 2406 hyades,

1021 2404 1068 2436 Te
1091 2405 1177 2451 luna,
1205 2408 1264 2452 sol,
1291 2413 1437 2455 cometes,
