1655 2573
534 640 757 679 Carmen
785 639 1116 686 Magistraie.

655 733 699 765 De
717 732 814 764 beata
835 732 934 764 Maria
957 732 992 763 V.

199 888 230 920 1.
255 884 349 921 Illius
374 887 453 919 assit
476 887 588 928 gratia,

253 935 311 973 Qui
339 935 453 967 stricta
475 935 594 965 cinctus
619 932 721 965 fascia

254 980 420 1012 Caelorum
446 981 544 1012 ambit
569 980 673 1021 spatia

298 1028 343 1060 Et
368 1029 476 1059 manet
499 1029 573 1059 ante
597 1027 696 1058 solem

250 1074 293 1106 Et
318 1074 453 1106 moritur
476 1083 537 1114 pro
561 1073 709 1115 gregibus

251 1121 296 1153 Et
321 1121 378 1153 dat
401 1121 534 1152 salutem
559 1120 697 1161 regibus,

251 1167 297 1200 Ut
322 1168 387 1200 suis
413 1167 531 1199 subdat
553 1167 677 1207 legibus

299 1215 410 1247 Totius
436 1214 522 1247 orbis
548 1214 673 1246 molem.

218 1297 225 1304 .
252 1268 384 1304 Fideles
408 1271 541 1303 tradunt
563 1271 680 1313 apices,

251 1318 380 1350 Latoris
403 1318 483 1358 legis
510 1318 646 1358 codices,

250 1365 478 1405 Mysteriorum
503 1365 625 1396 indices

302 1412 366 1444 Sub
392 1410 496 1444 forma
522 1412 699 1451 typicorum

250 1459 304 1491 Ad
330 1463 449 1491 struem
477 1458 683 1498 tabernaculi,

251 1506 405 1539 Caelestis
430 1505 614 1545 habitaculi,

252 1553 420 1585 Sacrorum
450 1552 629 1592 retinaculi,

299 1601 390 1641 Quod
415 1600 517 1640 quivis
543 1599 760 1631 Hebraeorum

221 1684 227 1690 .
251 1654 318 1690 Res
344 1657 463 1696 absque
487 1655 700 1688 simultatibus

248 1703 299 1736 De
324 1704 389 1736 suis
415 1703 619 1735 facultatibus

252 1750 393 1783 Sinceris
420 1759 489 1782 cum
515 1749 680 1782 conatibus

297 1800 361 1831 Pro
392 1797 513 1831 viribus
540 1797 705 1837 dederunt,

248 1844 417 1886 Magnates
443 1853 512 1876 cum
538 1843 732 1884 potentibus,

250 1892 311 1930 Qui
335 1891 545 1934 praefuerunt
567 1890 722 1934 gentibus,

252 1938 324 1973 Non
350 1941 418 1972 sine
442 1940 531 1979 puris
556 1937 714 1970 mentibus

297 1988 472 2020 Laetanter
496 1986 690 2019 obtulerunt.

215 2070 223 2077 .
249 2042 373 2078 Aurum
399 2043 526 2084 quidem
551 2043 593 2075 ad
618 2051 725 2082 aurea,

248 2093 425 2133 Argentum
451 2092 493 2124 ad
517 2092 678 2131 argentea,

249 2140 314 2172 Aes
342 2140 384 2172 ad
409 2139 583 2171 ornandum
610 2145 713 2177 aerea,

298 2187 345 2221 Ut
368 2186 457 2219 novit
478 2186 691 2224 architectus;

249 2234 422 2267 Thesauris
446 2234 517 2266 istis
540 2233 621 2266 varii

248 2283 386 2325 Vigor-is,
408 2280 576 2314 multifarii

252 2330 376 2362 Coloris
400 2328 586 2369 tingentarii

298 2377 359 2409 Est
383 2376 525 2417 lapidum
550 2375 703 2408 adiectus.

817 821 842 855 I.

872 888 903 919 5.
928 882 1021 919 Nunc
1047 886 1165 918 donant
1187 886 1271 918 inter
1294 887 1357 918 alia

928 933 1030 972 Ligna
1057 933 1153 965 Setim
1179 931 1309 974 nobilia,

929 979 993 1011 Sed
1018 979 1098 1011 haec
1119 979 1330 1018 imputribilia

976 1026 1089 1058 Fuisse
1112 1029 1342 1069 memorantur3

930 1073 1093 1105 Postremo
1120 1073 1197 1104 dant
1219 1081 1390 1113 purpurea,

930 1119 1008 1152 Cum
1035 1128 1127 1152 cocco
1151 1119 1290 1160 byssum,
1316 1121 1411 1160 linea,

930 1166 1016 1205 Quae
1039 1175 1196 1206 nunquam
1224 1167 1291 1198 edit
1314 1167 1419 1206 tinea3

977 1213 1041 1245 Sed
1065 1214 1128 1245 ista
1153 1214 1353 1252 applicantur

895 1295 903 1302 .
931 1267 1119 1303 Cohortibus
1141 1269 1277 1301 leviticxs

933 1317 995 1349 Pro
1020 1316 1160 1348 vestibus
1183 1316 1352 1356 pontificis,

930 1364 1016 1402 Quae
1039 1365 1173 1395 noverat
1196 1363 1329 1395 artificis

977 1410 1140 1442 Industria
1164 1409 1278 1449 poliri:

928 1457 1030 1497 Egeni
1056 1457 1174 1489 dabant
1201 1456 1336 1496 denique

930 1504 1007 1537 Cum
1028 1504 1104 1542 pilis
1128 1503 1228 1543 pelles
1254 1504 1372 1544 utique,

929 1552 1008 1584 Cum
1031 1551 1143 1590 quibus
1169 1559 1247 1589 opus
1272 1552 1411 1591 undique

974 1597 1122 1630 Debebat
1144 1597 1273 1637 operiri.

894 1680 901 1687 .
930 1651 1054 1688 Oblatis
1080 1654 1128 1685 his
1153 1654 1341 1694 gemmarias

926 1701 1082 1745 Beseleel‚
1109 1701 1264 1742 aurarius,

927 1748 1052 1781 Fidelis
1078 1748 1310 1781 commissarius

975 1796 1059 1828 Prae
1083 1795 1227 1828 omnibus
1253 1796 1382 1834 electus,

928 1843 1073 1876 Prudens
1095 1843 1342 1884 vermicularius‚

928 1889 1096 1923 Perfectus
1121 1891 1297 1931 operarius,

930 1938 1051 1969 Doctus
1077 1937 1315 1977 anaglipharius

974 1984 1036 2016 Est
1060 1984 1173 2024 opibus
1200 1983 1391 2023 praefectus.

894 2070 901 2077 .
930 2039 1048 2075 Subtili
1078 2050 1147 2072 cum
1172 2041 1317 2080 lignario,

931 2088 1053 2132 ooliab,
1081 2087 1245 2132 plumario,

931 2136 1020 2168 Bono
1043 2135 1246 2177 polimitari0,

981 2183 1058 2216 Viro
1083 2184 1204 2215 sciente
1226 2184 1331 2225 plura,

934 2231 1021 2270 Quae
1043 2230 1114 2263 fieri
1140 2230 1179 2262 ab
1205 2231 1320 2262 arbore

932 2278 1092 2311 Valebant
1114 2282 1146 2310 et
1170 2286 1208 2309 ex
1233 2286 1400 2316 marmore,

931 2326 1109 2367 Lapidibus
1135 2328 1168 2357 et
1190 2325 1285 2358 ebore

979 2374 1017 2406 In
1043 2374 1128 2406 omni
1153 2373 1302 2406 celatura.
