1655 2573
241 253 295 284 65.

242 577 296 608 66.

243 893 297 925 67.

247 1209 300 1241 68.

251 1524 305 1555 69.

253 1840 308 1872 70.

256 2155 310 2188 71.

320 250 462 283 Dilectus
485 258 572 280 meus
597 248 777 288 aulvoratur,

320 298 402 330 Dum
427 296 578 329 Dominus
601 293 840 334 transfiguratur

368 344 405 375 In
426 343 539 375 montis
565 341 760 379 celsitudine,

322 391 392 422 Nec
415 390 488 421 talis
513 392 616 419 tamen
643 387 770 418 visionis

321 437 487 468 Mirandae
509 443 567 466 nec
591 432 777 466 ostensionis

367 482 505 514 Effertur
529 479 752 520 magnitudine.

323 575 385 608 Hic
407 576 501 607 etiam
520 576 595 605 tunc
618 573 800 611 accersitur,

320 622 401 654 Dum
427 624 502 653 nata
525 621 601 652 Iairi
626 620 758 651 moritur

367 667 564 699 Decumbens
589 667 621 698 in
647 665 789 697 cubiculo

322 717 352 747 A
377 714 571 753 Dominoque
595 713 764 745 suscitatur

323 762 367 793 Et
390 761 532 792 rediviva
556 760 641 799 patri
667 760 760 791 datur

372 807 504 839 Caelesti
530 806 730 840 adminiculo.

322 892 358 924 In
374 899 449 923 cena
459 891 601 924 Christus
615 889 687 922 dum
696 897 844 928 suprema

326 938 484 970 Sermonis
509 940 582 968 ante
605 937 691 976 longi
716 936 821 967 thema

374 984 450 1016 Cum
475 983 609 1015 subditis
636 982 802 1024 discubuit,

327 1030 455 1063 Amicus
476 1038 562 1061 meus
587 1030 800 1069 praedilectus

327 1078 490 1110 Sacratum
515 1077 586 1108 Iesu
614 1085 711 1114 supra
734 1078 844 1115 pectus

373 1122 525 1155 Feliciter
548 1122 701 1156 recubuit.

326 1209 391 1247 (Quo
419 1207 458 1238 de
481 1207 611 1238 secretis
635 1209 825 1238 secretorum

328 1255 456 1286 Arcana
478 1255 590 1293 potans
616 1261 798 1284 arcanorum

376 1300 554 1332 Inebriatus
577 1299 689 1338 poculo

328 1349 454 1379 Arcana
477 1346 538 1378 Dei
560 1349 777 1385 perscrutatur

330 1393 524 1432 Acutiusque
550 1393 777 1432 contemplatur

374 1439 522 1470 Internae
544 1438 658 1469 mentis
683 1439 781 1471 oculo.

331 1522 393 1554 Hic
417 1522 519 1558 ctiam,
546 1521 670 1560 quando
694 1529 811 1561 pavere

330 1568 518 1600 Tradendns
538 1568 641 1607 coepit
666 1570 697 1598 et
721 1568 851 1599 taedere

376 1615 499 1646 Mariae
522 1614 755 1656 primogenitus,

333 1661 512 1693 Assumitur
536 1669 554 1691 a
579 1661 744 1699 salvatore,

331 1708 505 1746 Sanguineo
530 1708 653 1738 sudoris
676 1716 750 1738 rore

378 1753 462 1785 Dum
474 1761 601 1792 aegrum
615 1756 702 1785 curat
716 1753 850 1792 penitus.

335 1839 359 1871 Ο
372 1846 448 1868 vere
460 1839 618 1877 quantum,
632 1836 704 1869 Iesu
718 1836 851 1874 Christe,

334 1884 536 1916 Medieinalis
561 1884 658 1915 sudor
684 1884 744 1915 istc

379 1930 417 1962 In
440 1930 625 1962 medicando
649 1930 758 1969 valuit,

335 1979 396 2010 Per
405 1986 495 2016 quem
505 1977 641 2009 humana
649 1985 723 2017 gens
732 1977 854 2017 polluta

334 2025 492 2057 Funestae
517 2022 614 2055 faecis
639 2024 678 2054 ab
703 2027 796 2055 acuta

380 2070 578 2102 Febricitans
605 2071 769 2105 convaluit.

336 2154 478 2187 Dilectus
502 2163 598 2198 meus,
627 2155 675 2187 vir
701 2156 840 2199 devotus,

334 2201 480 2234 Pontifici
505 2210 573 2232 cum
599 2204 682 2233 esset
704 2206 806 2241 notuS‚

382 2248 509 2280 Introiit:
533 2257 601 2279 cum
629 2247 755 2280 Simone

336 2296 372 2328 In
388 2295 512 2326 domum
519 2295 640 2336 Annae,
657 2295 855 2336 dumligatur

336 2342 483 2374 Salvator
508 2345 539 2373 et
562 2342 776 2382 colaphizatur

383 2389 542 2423 suadente
562 2389 649 2431 turpi
674 2390 834 2425 daemone,

833 149 900 186 210

910 245 964 276 72.

912 544 966 576 73.

912 881 967 913 74.

915 1179 970 1210 75.

921 1477 975 1508 76.

922 1774 974 1805 77.

924 2110 978 2142 ’78-

991 242 1086 275 Hunc
1109 239 1183 280 quia.
1207 239 1314 271 carnis
1339 236 1485 268 castitate

993 290 1069 322 Cum
1093 286 1207 319 mentis
1233 287 1325 318 ornat
1349 283 1490 323 puritate

1037 333 1209 375 Virginitas
1233 331 1440 374 praenobili5‚

993 383 1079 422 Quae
1111 381 1296 421 paradisum
1317 379 1423 418 replet
1445 377 1517 420 Dei,

993 431 1073 468 Stat,
1098 429 1235 469 inquam,
1253 428 1347 459 natus
1360 425 1517 458 Zebedaei

1039 476 1192 508 Columna
1215 477 1249 505 ut
1270 472 1450 505 immobilis.

993 542 1139 574 Salvator
1159 540 1258 580 Iesus,
1291 539 1380 579 virgo
1405 547 1512 580 purus,

994 590 1030 622 In
1056 597 1149 619 cruce
1172 587 1315 626 pendens
1332 586 1514 624 moriturus,

1040 635 1212 667 Decentem
1229 642 1359 665 servans
1374 632 1517 664 ordinem

994 683 1118 715 Dilecto
1143 689 1211 712 meo
1238 680 1406 713 castiorem
1451 715 1460 724 ÷

994 730 1174 769 Virgineum
1199 727 1339 760 servanti
1363 725 1473 759 florem

1042 775 1248 808 Commendat
1269 776 1404 806 matrem
1419 773 1516 812 virgi-

1291 829 1372 852 nem.

993 880 1174 911 Decernens
1195 885 1338 917 aequum,
1366 877 1517 916 salutare,

994 925 1083 966 Quod
1091 924 1213 965 prolem
1223 933 1262 964 pa
1267 932 1338 955 rens
1345 924 1516 959 sinemare,

1041 971 1230 1004 Praenobile
1253 970 1435 1010 triclinium,

993 1019 1122 1051 Electus
1148 1018 1236 1057 virgo
1262 1018 1474 1055 conservaret,

997 1065 1042 1098 Ut
1067 1068 1185 1096 castum
1211 1067 1315 1095 castus
1341 1062 1518 1094 defensaret

1043 1111 1241 1151 Virginitatis
1267 1110 1425 1142 scrinium.

997 1178 1078 1210 Dum
1093 1176 1187 1215 filine,
1206 1185 1296 1215 quem
1310 1176 1410 1216 gignit
1421 1174 1519 1215 Deus,

998 1225 1060 1257 Pro
1087 1223 1204 1263 populo
1231 1223 1285 1262 qui
1309 1221 1370 1253 fuit
1394 1230 1477 1257 reus,

1044 1271 1080 1302 In
1107 1269 1196 1301 furca
1221 1269 1322 1301 crucis
1347 1270 1476 1311 patitur,

998 1318 1043 1349 Et
1064 1317 1147 1348 latus
1174 1316 1239 1348 eius
1264 1320 1424 1348 reseratur

998 1364 1214 1401 Exanimequc
1237 1361 1420 1404 perforatur

1044 1410 1088 1441 Et
1109 1411 1220 1442 lancea
1245 1410 1453 1448 conquatitur,

1002 1476 1067 1514 Quo
1086 1477 1170 1507 latex
1186 1475 1299 1512 undae,
1326 1483 1415 1506 sacer
1432 1482 1525 1505 cruor

1000 1523 1137 1554 Emanat
1160 1522 1308 1552 salutaris
1332 1519 1413 1552 fluor

1047 1568 1223 1599 Eliminans
1247 1568 1439 1609 peccamina,

1000 1615 1130 1646 Amicus
1154 1622 1241 1645 mcus
1265 1614 1376 1645 videns
1401 1615 1463 1645 ista

1003 1661 1049 1694 Ut
1063 1669 1156 1693 verus
1173 1661 1273 1700 testiS,
1289 1669 1351 1692 non
1369 1660 1522 1700 sophista,

1049 1707 1109 1738 His
1134 1708 1280 1747 perhibet
1307 1707 1484 1740 testamina.

1001 1775 1193 1806 Praecursor
1217 1774 1269 1805 hic
1292 1773 1345 1813 fit,
1374 1774 1447 1805 dum
1474 1782 1525 1804 cu-

1305 1821 1405 1852 currit

1003 1866 1081 1898 Cum
1090 1867 1194 1906 Petro,
1205 1867 1300 1899 Petro
1309 1868 1527 1906 praecucurrit

1048 1914 1174 1945 Amoris
1200 1914 1419 1953 amplitudine,

1001 1960 1045 1992 Et
1057 1960 1185 1998 piscans
1197 1960 1250 1991 hic
1262 1969 1332 1992 eum
1341 1961 1425 1992 senis
1432 1960 1527 1997 laete,

1005 2006 1160 2038 Piscando
1178 2016 1240 2038 non
1255 2012 1301 2038 est
1315 2008 1448 2039 scissum
1461 2010 1529 2038 rete

1050 2053 1099 2084 De
1122 2054 1263 2093 praedae
1285 2054 1498 2088 multitudine.

1004 2109 1058 2141 Ad
1082 2113 1206 2149 portam
1233 2111 1378 2144 claudum
1401 2110 1456 2143 hic
1480 2121 1529 2143 se-

1307 2158 1434 2190 dentem

1003 2204 1046 2235 Et
1071 2204 1266 2243 elemosynas
1290 2208 1452 2247 petentem

1055 2250 1130 2282 Cum
1156 2251 1251 2283 Petro
1278 2255 1369 2283 curat
1393 2253 1497 2294 citius,

1008 2298 1081 2329 Cum
1101 2298 1186 2337 apud
1197 2298 1283 2339 ipsos
1296 2307 1356 2332 nec
1368 2304 1530 2341 argentum

1007 2345 1074 2376 Nec
1086 2346 1155 2377 auri
1165 2347 1289 2386 pondus
1300 2350 1347 2378 est
1356 2347 1532 2391 inventum,

1053 2391 1141 2426 Dant
1157 2394 1240 2434 huic,
1260 2395 1343 2434 quod
1363 2399 1411 2427 est
1425 2395 1531 2429 ditius.

1583 0 1655 156 Ἰ
