1655 2573
695 120 954 161 -171-

271 219 356 252 Dum
382 220 550 253 draconem
575 222 731 254 inclusisti

273 267 334 299 Per
367 267 516 300 virtutem
541 269 642 302 crucis
669 269 796 310 Christi,

271 315 330 354 Qui
355 323 411 347 suo
435 314 514 347 flatu
538 316 668 349 sordido

187 362 243 393 20.
271 362 416 402 Stragem
440 361 519 394 fecit
542 364 576 394 in
602 364 733 405 populo,

272 409 355 441 Tota
380 409 491 441 civitas
514 410 660 449 laetatur,

866 364 921 397 25.

947 223 1029 254 Fide
1055 221 1173 254 Christi
1197 224 1375 256 coronatur.

947 271 977 301 A
1003 268 1064 301 diis
1088 267 1163 300 fana
1187 268 1376 300 mundantur

948 316 993 348 Et
1016 315 1132 347 sanctis
1148 315 1209 347 Dei
1235 319 1468 350 consecrantur.

946 362 1022 394 Fiat
1044 361 1146 400 nobiS,
1171 363 1256 402 quod
1279 363 1397 406 petisti,

949 410 1033 442 Dum
1056 409 1089 440 in
1113 418 1193 448 pace
1216 408 1373 449 quievisti.

252 473 331 502 Orat.
353 483 405 502 ms.
427 473 613 503 Oarthusian.
634 482 709 502 saec.
732 473 776 502 15.
816 473 886 501 Cod.
908 474 1001 510 Capit.
1020 474 1170 502 Treviren.
1193 473 1254 502 116.

605 564 665 595 321.
697 565 738 596 De
759 566 866 596 sancto
888 565 1048 596 Silvestre.

190 635 220 666 1.
249 634 370 675 Gaude,
397 637 489 673 pater
513 634 689 676 hospitaliS,

248 681 297 712 Tu
320 681 354 713 in
378 681 553 713 tolerandis
577 681 668 712 malis

296 729 450 761 Constans
480 736 513 759 es
534 727 700 765 veraciter,

247 774 329 808 Nam
354 785 374 807 a
396 775 516 806 cunctis
533 776 665 814 propter
680 777 796 805 metum

244 822 445 855 Timotheum
471 822 566 854 valde
590 824 730 862 spretum

298 869 428 910 Colligis
453 869 626 901 audaciter.

191 928 222 960 2.
250 926 387 965 Propter
412 925 473 956 hoc
496 925 698 958 incarceraris

247 972 301 1012 Et,
328 972 411 1012 quod
439 972 516 1004 deos
541 972 730 1011 aspernaris,

295 1019 343 1051 Te
363 1020 443 1051 dans
465 1017 684 1055 inflexibilem,

249 1065 421 1105 Prophetia
447 1066 599 1106 claruisti,

247 1112 350 1144 Indici
376 1112 449 1145 dum
473 1112 666 1151 praedixisti

294 1160 433 1192 Mortem
457 1159 506 1190 bis
531 1158 727 1191 horribilem.

216 1241 224 1250 .
252 1216 276 1248 Ο
302 1216 465 1255 silvester,
491 1216 579 1247 nulla
602 1214 691 1247 labes

250 1263 295 1294 Te
322 1262 480 1303 deturbat,
507 1270 641 1303 namque
664 1263 762 1294 habes

297 1311 427 1343 Faciem
452 1310 636 1350 angelicam,

250 1357 287 1389 In
312 1359 443 1398 aspectu
467 1359 531 1388 tam
557 1355 722 1398 formosus,

247 1403 352 1445 Magis
378 1408 484 1436 tamen
508 1404 668 1436 virtuosus

295 1452 401 1484 Vitam
427 1451 545 1483 ducens
570 1450 729 1483 caelicam.

213 1532 221 1540 .
248 1509 286 1540 In
311 1516 455 1540 sermone
478 1508 574 1540 valde
599 1507 712 1547 clarus,

247 1556 286 1587 In
311 1554 451 1587 suadelis
476 1563 596 1586 summe
620 1563 747 1593 gnarus,

295 1602 446 1635 Omnibus
470 1602 648 1642 placabilis„

246 1648 330 1681 Fide
353 1652 470 1689 rectus,
496 1658 554 1689 spe
577 1648 731 1688 firmatus,

248 1697 389 1729 Caritate
415 1696 565 1729 dilatatus

296 1743 425 1777 Cunctis
450 1742 685 1783 praeamabilis.

214 1826 221 1834 .
248 1800 330 1832 Nam
354 1809 418 1833 non
443 1800 543 1831 solum
570 1799 732 1831 christiani

244 1848 364 1880 Amant
386 1851 428 1888 te,
455 1847 512 1879 sed
538 1851 570 1878 et
594 1847 709 1886 pagani

293 1895 403 1928 Etiam
425 1893 570 1927 mirifice.

249 1943 334 1975 Hinc
358 1952 377 1975 a
403 1942 524 1973 cunctis
550 1942 597 1974 sic
623 1940 757 1973 dilectus

247 1990 429 2024 Postulatus
455 1998 488 2021 es
514 1990 631 2021 electus

294 2038 332 2069 In
356 2045 473 2079 papam
499 2034 674 2077 magnifice.

894 635 925 666 6.
951 634 1088 666 Nomina
1112 637 1188 665 tunc
1212 634 1435 676 orphanorum,

867 1800 922 1833 10.

949 680 1133 720 Viduarum,
1161 689 1327 720 egenorum

994 727 1032 759 In
1056 727 1174 766 scripto
1199 728 1367 768 habueras,

948 774 1067 812 Quibus
1091 774 1210 805 cunctis
1233 773 1350 807 victum
1374 778 1468 814 vitae,

948 820 994 853 Ut
1016 820 1065 852 his
1090 829 1167 860 opus
1194 824 1263 853 erat
1285 821 1354 861 rite,

994 868 1141 906 Largiter
1164 869 1366 907 praebueras.

911 947 918 953 .
946 925 970 956 O
997 924 1160 966 Silvester,
1187 933 1272 964 papa
1294 923 1386 966 feste,

948 971 1008 1002 Per
1030 974 1063 1002 te
1079 971 1178 1002 mirae
1195 980 1245 1003 res
1263 974 1336 1002 sunt
1352 974 1469 1011 gestae,

994 1017 1114 1050 Christi
1135 1018 1223 1057 plebi
1247 1018 1350 1056 utiles,

947 1064 1028 1096 Nam
1052 1066 1087 1094 tu
1114 1064 1193 1096 dura
1216 1064 1312 1097 corda
1336 1063 1436 1097 flectis

946 1111 1096 1143 Rationes
1122 1112 1196 1143 dum
1222 1112 1358 1144 conectis

993 1158 1120 1190 Nemini
1145 1157 1302 1190 difficiles,

913 1239 920 1246 .
947 1215 1026 1247 Tam
1050 1213 1226 1253 profundus
1252 1215 1439 1256 disputator,

947 1262 1026 1293 Tam
1049 1262 1232 1300 praeclarus
1257 1262 1459 1302 praedicator

993 1308 1108 1341 Fidem
1134 1308 1385 1349 confirmaveras,

948 1356 1037 1395 Quod
1061 1355 1216 1387 Helenam
1242 1359 1274 1387 et
1296 1356 1430 1388 Iudaeos

945 1402 1065 1434 Multos
1091 1405 1123 1433 et
1148 1403 1285 1434 colentes
1309 1403 1384 1434 deos

992 1449 1088 1482 Fidei
1110 1449 1341 1482 substraveras.

911 1530 919 1538 .
946 1505 1171 1538 Constantinus
1196 1506 1370 1547 imperator

945 1553 1097 1593 Templis,
1125 1553 1209 1585 clero
1232 1562 1305 1584 mox
1324 1552 1360 1584 fit
1378 1554 1472 1586 dator

992 1600 1191 1632 Libertatum
1215 1600 1364 1640 plurium,

947 1648 1118 1687 Postquam
1142 1648 1221 1678 mire
1238 1648 1322 1679 hunc
1338 1648 1469 1688 sanasti,

946 1695 1095 1727 Morbum
1123 1694 1232 1734 leprae
1257 1694 1331 1727 dum
1356 1694 1473 1735 fugasti

994 1741 1138 1774 Foedum
1163 1745 1195 1773 et
1218 1742 1384 1776 incuriam.

949 1799 1010 1831 Per
1031 1799 1176 1830 iuvamen
1201 1801 1288 1830 tuum
1313 1797 1397 1830 forte

946 1846 1065 1878 Libera
1091 1846 1131 1877 de
1155 1846 1253 1887 dupla
1276 1849 1378 1877 morte

993 1893 1050 1925 Fit
1072 1893 1216 1925 Romana
1242 1893 1358 1934 patria,

947 1940 1030 1972 Nam
1057 1940 1202 1971 draconis
1227 1942 1398 1972 venenatus

948 1988 999 2020 Ab
1026 1996 1064 2019 ea
1089 1988 1225 2019 cessavit
1247 1986 1342 2019 flatus

994 2035 1039 2067 Et
1062 2037 1135 2066 trux
1159 2035 1318 2067 idolatria.

529 2095 584 2127 11.

252 2398 332 2426 Orat.
353 2408 407 2440 ms.
430 2398 613 2426 Carthusian.
635 2406 710 2426 saec.
733 2396 776 2427 15.
817 2396 885 2425 eod.
908 2396 1001 2433 Capit.
1023 2396 1173 2424 'trev-iren.
1196 2393 1269 2425 116..

610 2092 695 2126 Hinc
719 2097 852 2134 patrone
876 2093 928 2125 hic
952 2092 1104 2125 Silvester

609 2140 664 2173 Me
689 2142 822 2185 custodi,
849 2150 890 2173 ne
914 2149 964 2172 me
987 2141 1097 2179 pester

657 2188 793 2222 Invadat
817 2187 985 2229 veneficus,

609 2235 723 2268 Sanam
748 2246 841 2271 serva
865 2235 992 2276 famam,
1022 2235 1120 2268 vitam

607 2283 652 2317 Et
677 2284 717 2317 da
742 2288 859 2318 sortem
883 2293 1007 2316 sursum
1032 2282 1125 2315 sitam

655 2332 703 2365 Ut
724 2336 819 2373 pater
841 2331 1012 2365 beneficus..
