1655 2573
545 582 714 613 Altercatio
734 581 771 614 de
788 583 922 622 utroque
941 582 1076 613 Iohanne

596 637 740 677 Baptista
760 639 792 669 et
809 637 1025 677 Evangelista.

199 759 207 766 .
234 733 439 766 Sanctissimo
461 735 496 766 in
521 734 646 767 Christo
669 733 765 773 patri,

234 780 417 813 Catholicae
434 790 526 821 quem
543 783 673 813 sanctae
687 781 782 812 matri

278 827 440 860 Praefecit
464 829 545 860 caeli
572 828 715 860 dominus

231 874 398 906 Ecclesiae
420 884 481 915 pro
506 874 683 916 defensore,

232 921 295 953 Pro
322 921 402 953 duce
427 922 520 954 simul
546 925 579 953 et
602 924 738 964 pastore,

278 968 415 1000 Rectore
436 969 650 1008 nihilominus,

198 1049 206 1057 .
231 1024 373 1064 Benigno
400 1024 528 1057 domino
552 1024 696 1065 Iohanni,

231 1070 438 1104 Pontificatus
464 1072 551 1103 cuius
576 1071 652 1103 anni

278 1117 418 1157 Diesque
442 1121 516 1151 sunt
540 1117 676 1158 pacifici,

228 1164 388 1197 Scribenti
413 1175 538 1198 servum
555 1174 589 1197 se
606 1173 777 1204 servorum,

230 1211 280 1244 Sit
302 1213 445 1251 quamvis
470 1213 620 1253 princeps
646 1211 746 1243 domi-

552 1268 674 1298 norum,

274 1304 446 1345 Magnifico
470 1305 623 1346 pontifici,

193 1386 199 1393 .
226 1362 388 1394 Romanae
412 1362 482 1394 sedi
507 1362 713 1401 praesidenti,

228 1408 464 1448 Praerogativis
489 1407 641 1440 adfluenti

275 1456 438 1488 Virtutum
462 1455 690 1495 multiplicibus

225 1502 408 1534 Scholaster
457 1503 583 1534 Franco
629 1500 774 1535 Mesche-

551 1549 666 1587 densis,

224 1595 388 1628 Dioecesis
415 1596 620 1636 Coloniensis,

271 1641 314 1674 Se
337 1641 429 1675 flexis
456 1652 526 1676 cum
550 1643 729 1684 poplicibus

191 1723 200 1732 .
226 1700 280 1732 Ad
305 1699 427 1739 gratiae
450 1699 663 1732 stillifiuorum

223 1746 416 1779 Desiderata
439 1747 604 1780 beatorum

271 1794 397 1826 Devota
420 1794 536 1834 pedum
559 1794 668 1826 oscula

223 1841 269 1874 Et
293 1841 469 1881 supplicem
493 1850 556 1873 non
583 1841 749 1881 dedignari

223 1889 350 1928 Exigua
374 1897 433 1921 nec
457 1889 622 1929 aspernari

270 1936 360 1968 Haec
384 1937 535 1977 pauperis
560 1936 755 1977 munuscula,

697 2018 717 2040 »ῖς

190 2133 198 2141 .
225 2108 305 2141 Pars
314 2108 417 2149 prima
425 2109 525 2150 ponit,
540 2108 625 2148 quod
633 2107 775 2149 baptista

224 2155 274 2188 Sit
299 2156 425 2196 dignior
450 2156 645 2196 evangelista

271 2203 460 2236 Sanctorum
484 2204 518 2235 in
544 2203 686 2244 collegio,

220 2251 301 2283 Pars
327 2250 423 2284 alt’ra
446 2254 556 2284 natum
580 2250 739 2283 Zebedaei

220 2298 396 2339 Praeponit
419 2302 455 2331 ut.
479 2299 616 2332 amicum
640 2298 703 2331 Dei

267 2346 396 2380 Amoris
420 2347 599 2388 privilegio.

853 735 884 766 5.
911 733 997 771 Quae
1020 733 1182 773 utriusque
1207 737 1271 765 tam
1295 733 1454 772 baptistae

910 779 1062 812 iohannis
1087 789 1180 820 quam
1206 780 1417 820 evangelistae

959 826 1006 858 De
1029 827 1095 858 vita
1118 827 1176 858 sub
1204 827 1388 866 compendio

909 875 989 907 Sunt
1013 882 1052 904 ex
1077 874 1244 913 scripturis
1272 872 1437 912 fabricata,

908 920 972 953 Sub
997 920 1070 952 rudi
1095 921 1241 960 rhythmo
1269 920 1454 961 conglobata

957 967 1032 999 Cum
1057 968 1198 999 neutrius
1225 967 1402 1008 dispendio.

873 1087 880 1095 .
907 1060 953 1093 Ut
977 1063 1080 1091 autem
1107 1061 1232 1094 Christo
1257 1061 1412 1101 largiente

909 1107 1069 1147 Concepta
1093 1116 1204 1148 queam
1226 1117 1304 1139 sana
1327 1109 1432 1139 mente

954 1154 1106 1186 Feliciter
1130 1154 1294 1195 perficere,

908 1201 966 1242 Tu,
995 1201 1192 1234 dominorum
1218 1202 1405 1241 dominator,

906 1248 956 1281 Sis
981 1248 1210 1281 benedictionis
1237 1249 1329 1280 dator

951 1294 1006 1326 Me
1029 1295 1140 1328 iubens
1167 1296 1365 1337 benedicere,

869 1405 877 1412 .
904 1380 948 1412 Ut
972 1388 1054 1411 nova
1077 1380 1230 1419 quaedam
1247 1379 1454 1420 propalentur

903 1426 1140 1466 Memoriaeque
1166 1426 1433 1466 commendentur,

952 1472 1044 1504 Stent
1068 1473 1194 1513 linguae
1224 1473 1282 1504 sub
1308 1473 1452 1513 silenti03

904 1520 987 1551 Nam
1011 1519 1137 1558 pridem
1163 1521 1203 1552 de
1230 1520 1454 1559 discipulorum

904 1567 1088 1599 Maioritate
1113 1568 1296 1599 meritorum

950 1613 997 1646 Ut
1019 1613 1121 1646 oritur
1147 1614 1316 1654 contentio,

867 1726 874 1733 .
903 1699 957 1731 Sic
981 1697 1067 1730 fama
1087 1698 1154 1732 fida
1178 1698 1343 1731 referente

905 1746 1050 1779 Clamore
1074 1747 1188 1786 grandi
1215 1745 1383 1778 deferente

951 1793 1044 1825 Nunc
1070 1793 1110 1825 de
1133 1794 1276 1826 Iohanne
1302 1793 1424 1833 duplici

904 1841 977 1873 Stat
1007 1849 1100 1873 causa
1126 1842 1204 1873 duas
1228 1842 1313 1872 inter
1336 1842 1455 1883 partes,

903 1889 990 1928 Quae
1013 1888 1162 1927 litigandi
1185 1891 1303 1920 norunt
1326 1891 1412 1920 artes

951 1935 1130 1967 Devotione
1154 1935 1302 1975 supplici,

886 2018 905 2039 ἢκ

846 2108 900 2141 10.
925 2107 1009 2139 Dum
1031 2115 1128 2148 saepe
1151 2109 1260 2147 partes
1285 2106 1347 2137 hoc
1362 2114 1454 2145 prae-

1233 2153 1369 2185 tendunt

925 2202 970 2234 Et
996 2202 1149 2233 iterantes
1173 2201 1235 2233 hoc
1260 2200 1456 2232 contendunt

974 2249 1046 2281 Non
1071 2247 1200 2281 functae
1224 2247 1408 2290 rationibus,

925 2299 1006 2330 Pars
1015 2297 1118 2337 prima
1128 2297 1222 2328 dicit:
1241 2295 1455 2336 Imbrigamur

926 2345 995 2377 Nec
1019 2344 1204 2376 altercando
1230 2343 1442 2382 disbrigamur

973 2391 1034 2424 His
1060 2390 1325 2424 cavillationibus.
