1655 2573
733 164 964 198 —52—

220 260 274 295 13,
302 260 365 293 Sed
389 263 471 302 quod
497 262 583 294 verbi
609 259 754 293 salutaris

348 308 424 341 Vita
447 318 573 350 germen
596 307 748 349 proferat,

301 354 372 387 Non
396 356 430 388 id
452 365 547 388 aurae
569 355 731 395 popularis

346 402 451 434 Favor
473 411 570 442 vagus
596 401 712 441 efferat,

302 448 372 480 Non
397 457 431 480 se
453 457 588 488 pompae
611 445 782 480 saecularis

346 495 509 526 Tumultus
533 495 711 527 interserat.

223 561 276 592 14.
302 560 412 591 Nescit
435 560 549 591 ardens
574 557 726 591 occultari

344 606 489 638 Lucerna
511 606 568 638 sub
593 606 699 638 modio

300 652 367 684 Nec
390 654 439 685 vir
462 656 587 686 sanctus
613 662 675 684 non
694 650 819 683 laudari

346 699 502 732 Secedens
528 701 561 731 in
584 700 698 737 medio,

302 746 398 785 Spem
418 747 454 778 in
476 755 552 779 vero
578 746 709 778 salutari

347 794 479 837 Ponens,
509 803 571 825 non
595 794 628 824 in
653 793 725 826 alio,

223 860 275 891 15.
301 858 353 890 Ad
378 859 488 890 relicta
511 867 552 890 ne
574 859 695 890 redires

347 905 448 937 Exsul
474 906 677 948 voluntarius,

302 951 352 983 Ne
376 953 500 984 deserta
523 951 685 985 fastidires

349 999 464 1031 Vivens
482 999 650 1039 solitarius,

303 1046 515 1077 Administrat
539 1046 607 1078 viro
632 1046 715 1077 vires

348 1092 458 1125 Comes
482 1092 696 1125 VerodemiuS.

223 1157 276 1190 16.
301 1156 338 1188 In
360 1157 419 1189 hac
442 1161 532 1190 vasta
557 1159 781 1190 commorantes

347 1204 448 1236 Vallis
473 1204 651 1244 solitudine,

302 1249 383 1292 Tibi,
410 1254 527 1291 sancte,
553 1251 765 1291 supplicantes

348 1297 546 1330 Consolando
569 1298 698 1337 sustine,

300 1342 349 1374 Ne
374 1343 479 1376 divino
506 1345 665 1376 deviantes

348 1390 514 1421 Privemur
538 1391 698 1423 solamine.

891 257 907 289 1
916 257 944 288 7.
973 247 1495 294 Quammiranda,quam1audanda

1016 300 1191 334 Salvatoris
1217 299 1329 339 gratia,

969 348 1057 380 Nutu
1081 357 1137 380 suo
1163 349 1252 379 tanta
1278 346 1338 378 duo

1015 396 1151 436 Iungens
1175 393 1352 434 luminaria,

968 443 998 474 A
1029 442 1157 475 remotis
1183 444 1215 472 et
1237 440 1353 481 ignotis

1015 489 1109 521 Locis
1139 487 1366 520 concurrentia.

936 579 945 589 .
970 556 1016 590 Ut
1040 564 1146 588 amore
1171 554 1222 586 vel
1246 553 1366 585 honore

1016 603 1057 635 Se
1083 603 1200 642 passim
1226 599 1443 640 praeveniant,

969 650 1014 683 Ut
1036 650 1168 682 alternis
1194 656 1231 679 ex
1257 648 1373 679 ardore

1016 697 1108 730 Vires
1136 695 1283 728 flammae
1308 693 1443 733 capiant,

969 745 1169 784 Repercusso
1193 751 1229 773 se
1252 741 1378 781 fulgore

1017 791 1165 823 Vicissim
1188 789 1356 821 irradiant.

936 882 944 889 .
969 858 1092 890 Horum
1115 857 1191 888 licet
1215 864 1234 886 a
1258 854 1387 886 remotis

1017 905 1189 944 Sequentes
1214 901 1357 944 vestigia,

970 950 1200 990 SupplicamuS,
1229 951 1264 980 ut
1288 948 1401 980 amotis

1015 997 1086 1038 His,
1112 1005 1192 1037 quae
1216 997 1289 1027 sunt
1313 994 1482 1033 contraria,

972 1046 1086 1076 Preces
1107 1045 1238 1084 iungant
1260 1051 1319 1082 pro
1345 1042 1477 1081 devotis,

1017 1092 1101 1131 Quos
1128 1100 1189 1130 par
1211 1089 1314 1129 iungit
1337 1088 1447 1129 gloria.

939 1183 945 1189 .
971 1156 1047 1188 Flos
1071 1155 1188 1196 Aegidi
1214 1153 1438 1194 confessorum,

1018 1203 1122 1235 Tanto
1146 1202 1224 1234 felix
1248 1202 1343 1241 socio,

972 1250 1039 1282 Fac
1061 1259 1118 1281 nos
1140 1252 1244 1281 tecum
1265 1248 1428 1281 beatorum

1018 1297 1160 1337 Adiungi
1181 1295 1323 1337 collegio,

973 1343 1036 1376 Ubi
1059 1350 1180 1375 merces
1204 1345 1253 1374 est
1277 1344 1457 1374 sanctorum

1017 1390 1117 1422 Plena
1140 1389 1201 1422 Dei
1226 1389 1317 1422 visio.

289 1471 295 1473 ⁴
308 1473 363 1498 rat.
380 1471 532 1507 Anglican.
553 1481 626 1500 saec.
649 1471 693 1500 13.
721 1472 789 1500 Cod.
809 1472 971 1500 Londinen.
991 1472 1041 1499 Ar.
1061 1471 1124 1500 201.

647 1601 708 1633 145.
736 1601 780 1631 Dc
797 1603 903 1631 sancto
925 1600 1052 1632 Albano.

226 1689 255 1721 1.
283 1689 463 1721 Praeelecte
489 1689 619 1729 signifer

324 1735 403 1776 legis
431 1736 629 1776 christianae,

282 1781 399 1814 Christi
424 1792 558 1823 sponsae
581 1783 721 1823 subveni,

323 1830 432 1861 mundi
456 1829 512 1861 flos
536 1830 670 1869 Albane,

279 1875 337 1914 Qui
363 1877 457 1908 decor
481 1877 631 1909 ecclesiae

326 1922 427 1955 factus
451 1924 646 1965 Anglicanae

278 1970 494 2010 Triumphasti
517 1971 635 2011 gloriae

324 2018 439 2057 gaudia
461 2018 647 2051 mundanae.

221 2085 253 2116 2.
279 2083 369 2114 Votis
392 2082 465 2116 fave
488 2084 677 2124 supplicum,

327 2130 411 2161 vitae
433 2131 483 2162 vir
504 2131 654 2171 sincerae,

282 2176 487 2216 sincerasque
510 2177 655 2209 lacrimas

329 2223 464 2254 clemens
487 2223 619 2266 intuere,

284 2271 345 2303 Gor
369 2270 408 2301 ab
433 2269 649 2303 infestantium

329 2316 493 2349 fraudibus
514 2319 613 2358 tuere,

282 2364 331 2396 Ne
354 2364 464 2396 virtuti
488 2364 566 2396 vitia

327 2411 450 2452 possint
473 2412 667 2452 praevalere.

892 1690 923 1723 3.
949 1688 1041 1720 Licet
1065 1688 1305 1722 adversantibus

996 1737 1093 1768 maris
1116 1737 1208 1768 huius
1232 1736 1327 1767 undis

948 1782 1040 1815 Mare
1064 1784 1182 1815 transis
1206 1783 1375 1823 mysticum

995 1829 1122 1862 flatibus
1146 1830 1301 1871 secundis,

949 1877 1032 1909 Dum
1055 1877 1207 1910 virtutum
1232 1877 1367 1910 rutilans

994 1923 1123 1957 floribus
1148 1924 1293 1957 iucundis

949 1970 1058 2003 Luxus
1084 1975 1115 2003 et
1138 1971 1290 2004 lasciviae

996 2019 1138 2051 stimulos
1162 2019 1319 2053 recondis,

918 2109 926 2117 .
951 2086 1012 2117 Per
1036 2087 1133 2125 tuam,
1157 2084 1208 2117 vir
1231 2085 1351 2128 inclite,

998 2140 1124 2172 precem
1154 2130 1315 2163 efficacem

953 2179 1103 2217 Corporis
1129 2180 1162 2210 et
1185 2177 1309 2210 animae

1002 2224 1104 2264 iugem
1130 2227 1259 2264 praesta
1281 2233 1394 2264 pacem

953 2271 1133 2303 Voluntatis
1157 2270 1300 2303 lubricae

1001 2318 1203 2357 reprimendo
1228 2317 1342 2359 facem,

954 2365 1018 2397 Ros
1043 2365 1223 2406 exstinguat
1246 2366 1368 2406 gratiae

999 2410 1135 2447 ferream
1161 2412 1330 2449 fornacem.
