1655 2573
756 148 988 185 ..54-

409 241 471 275 130.
501 239 615 283 incipit
634 241 830 274 devotissima
851 241 953 273 oratio
974 241 1012 273 de
1031 241 1141 272 saneta
1159 240 1349 280 Margareta‚

623 288 748 328 virgine
768 289 798 320 et
818 289 969 327 martyre,
990 287 1111 328 rigmis.

233 369 263 401 1.
287 369 388 410 Ave,
415 367 493 400 felix
515 369 707 410 Margareta‚

288 414 370 447 Fide
392 416 515 454 pollens
541 423 579 446 ex
605 415 732 447 decreta

288 462 396 493 Mente
420 462 525 494 virens
551 470 620 493 oum
646 462 794 498 discreta,

285 508 347 541 Dei
373 516 502 540 cernens
526 515 608 539 nunc
633 509 765 540 secreta.

231 585 262 616 2.
291 583 433 625 Salve,
459 582 581 622 fulgens
606 583 788 623 margarita,

285 630 347 661 Dei
373 630 461 661 donis
485 629 641 672 insignita,

289 677 350 718 Da,
375 679 411 707 ut
432 680 541 708 nostra
565 675 687 709 foetens
711 676 778 709 vita

289 723 417 755 Cunctis
441 723 531 756 bonis
557 724 599 754 sit
622 723 739 755 fulcita.

231 801 261 832 3.
289 798 446 841 Gaude,
481 799 617 830 candens
641 799 727 830 velut
748 798 831 837 lana,

282 845 393 877 Mente
417 853 568 885 spernens
592 845 702 876 mundi
724 853 815 885 vana,

285 893 370 925 Deos
396 892 529 923 horrens
555 894 587 922 et
608 890 752 932 profana,

281 938 370 970 Mala
392 942 502 970 nostra
526 940 560 969 tu
585 938 759 977 complana.

220 1014 253 1046 4.
280 1013 438 1055 Gaude,
461 1013 549 1052 virgo
573 1011 688 1045 florens
711 1015 788 1052 tota,

279 1059 430 1091 Puri‘ta‘tis
455 1060 537 1091 lacte
560 1060 635 1100 lota,

280 1106 355 1137 Vita
379 1109 495 1149 nostra,
523 1114 602 1146 quae
626 1108 763 1146 aegrota,

281 1154 344 1183 Per
366 1154 399 1183 te
422 1153 490 1185 Deo
515 1153 558 1184 sit
583 1153 705 1186 devota.

222 1228 252 1260 5.
276 1226 439 1269 Gaude,
464 1231 586 1267 martyr
609 1230 795 1269 purpurata,

281 1273 433 1305 Gastitate
458 1276 618 1315 exornata,

277 1322 348 1353 Due
371 1320 414 1352 ad
439 1322 568 1363 eaelum,
594 1323 682 1361 virgo
708 1324 808 1362 grata,

277 1368 360 1406 Quos
387 1367 544 1407 depressit
566 1377 653 1400 mens
679 1369 771 1400 elata.

225 1442 256 1473 6.
281 1441 380 1483 Ave,
406 1442 494 1481 virgo
518 1442 674 1484 iuveniIiS,

277 1487 401 1527 Magnis
423 1487 517 1520 factis
541 1489 599 1520 sed
622 1489 733 1527 virilis,

278 1534 355 1575 Fae,
379 1536 415 1566 ut
438 1535 505 1567 Deo
530 1544 592 1566 non
616 1536 675 1567 sim
698 1536 780 1576 vilis,

276 1580 335 1619 Qui
358 1583 496 1620 peccatis
520 1591 588 1613 sum
612 1583 730 1614 senilis.

931 367 962 399 7.
988 367 1094 406 Ave,
1121 366 1238 399 Christi
1262 370 1298 399 tu
1321 365 1447 405 ancilla,

988 414 1092 453 Magis
1115 422 1215 453 gnara
1240 422 1332 453 quam
1358 412 1494 452 Sibylla,

985 460 1131 492 Gratiam
1158 462 1197 493 de
1223 461 1317 499 eaelo,
1334 460 1430 498 stilla,

986 508 1071 546 Quae
1083 508 1154 547 plus
1168 510 1261 540 ornat
1274 515 1367 547 quam
1380 506 1515 538 armilla.

930 582 961 615 8.
987 582 1130 621 Salve,
1155 586 1300 615 constans
1324 583 1358 615 in
1383 590 1494 623 agone,

985 630 1086 661 Laeta
1117 632 1241 661 certans
1263 638 1335 661 oum
1364 631 1510 668 dracone,

982 676 1050 708 Fae
1073 686 1140 716 nos,
1166 678 1249 719 Iesu,
1274 678 1385 716 pastor
1408 676 1500 716 bone,

983 723 1038 755 Tis
1064 727 1225 756 consortes
1251 726 1283 754 et
1307 731 1450 755 coronae.

928 799 957 831 9.
984 799 1121 837 Salve,
1146 802 1269 837 martyr
1292 797 1480 840 confortata,

982 845 1079 877 Minis
1105 845 1203 876 hostis
1227 853 1290 875 non
1314 846 1488 884 prostrata,

983 891 1047 923 Sed
1071 900 1091 923 a
1114 890 1182 922 Deo
1209 891 1380 932 consolata,

981 938 1037 970 Nil
1060 940 1217 969 tormenta
1240 939 1314 969 sunt
1339 939 1461 977 putata.

898 1012 952 1046 10.
978 1013 1098 1055 Vale,
1124 1015 1235 1044 sancta
1256 1014 1291 1043 tu
1314 1015 1462 1052 patrona,

979 1060 1048 1091 Tua
1070 1060 1139 1091 laus
1164 1062 1229 1091 stat
1251 1059 1285 1090 in
1311 1067 1435 1098 corona,

978 1106 1074 1138 Mitte
1098 1106 1189 1138 nobis
1214 1106 1276 1138 Dei
1300 1106 1393 1146 dona,

974 1153 1021 1185 Ut
1043 1161 1204 1193 speremus
1229 1153 1308 1184 caeli
1331 1152 1424 1185 bona.

899 1227 953 1260 11.
980 1228 1104 1268 Vale,
1131 1227 1275 1267 paradisi
1297 1228 1418 1267 hortus,

983 1275 1032 1307 Sis
1056 1275 1090 1306 in
1113 1273 1177 1307 fine
1200 1275 1280 1307 lucis
1302 1278 1423 1314 portus,

978 1323 1026 1355 Ut
1057 1324 1133 1353 tuno
1158 1323 1254 1354 draeo
1278 1322 1332 1353 hie
1358 1323 1510 1354 distortus

980 1369 1047 1400 Tua
1071 1377 1166 1408 prece
1190 1370 1233 1401 sit
1254 1369 1435 1409 absorptus.

899 1443 954 1476 12.
979 1444 1102 1484 Vale,
1130 1444 1231 1476 dulcis
1255 1444 1451 1485 Margareta,

978 1492 1054 1524 Plus
1079 1491 1215 1523 odorans
1241 1500 1334 1531 quam
1355 1493 1506 1531 murreta„

982 1537 1068 1569 Caeli
1094 1537 1205 1570 bibens
1230 1547 1314 1569 nuno
1339 1539 1470 1581 clareia,

977 1584 1040 1616 Dei
1065 1585 1126 1616 duo
1148 1594 1205 1617 nos
1230 1586 1273 1617 ad
1296 1584 1419 1618 floreta.

301 1663 555 1692 Wahrseheinlich
578 1664 691 1701 folg'ten
717 1666 921 1702 ursprfinglioh
937 1664 970 1702 je
989 1667 1066 1695 drei:
1086 1668 1156 1702 Ave,
1178 1668 1275 1705 Salve,
1295 1668 1404 1704 Gaude,
1425 1669 1499 1698 Vale

207 1701 359 1729 unmittelb
363 1709 395 1728 ar
414 1702 610 1730 aufeinander.

427 1877 482 1909 131.
512 1877 657 1918 Sequitur
677 1878 777 1911 oratio
798 1881 910 1913 devota.
931 1879 968 1913 de
988 1882 1097 1915 saneta
1119 1882 1284 1917 Christina.

226 1966 256 1998 l.
281 1966 382 2004 Ave,
409 1966 523 1998 nobilis
543 1967 711 2010 Christina,

276 2012 373 2052 Virgo
397 2012 512 2045 florens
535 2017 571 2045 ut
594 2017 713 2058 regina,

278 2059 378 2091 Stella
399 2059 507 2092 lucens
531 2064 693 2106 matutina,

278 2106 388 2137 Mente
411 2108 521 2139 volans
544 2109 586 2140 ad
612 2111 727 2142 divina.

220 2182 252 2213 2.
279 2179 418 2221 Salve,
443 2182 528 2213 mitis
551 2183 586 2214 in
609 2187 731 2217 tortura

275 2227 344 2258 Neo
367 2235 520 2267 responsa
543 2231 698 2268 praebens
725 2232 812 2272 dura,

274 2274 343 2305 Fae
365 2283 416 2306 me
438 2274 552 2307 fortem
577 2280 671 2318 atque
693 2278 810 2321 mitem,

273 2321 319 2354 Ut
343 2321 478 2354 adversa
500 2332 563 2355 non
589 2325 734 2359 devitem.

303 2404 329 2440 2,
352 2404 366 2433 1
386 2405 449 2435 Ave
466 2408 555 2435 mitis.

896 1972 927 2004 3.
955 1970 1122 2013 Gaude,
1146 1974 1220 2006 miri
1241 1972 1299 2006 flos
1317 1974 1434 2015 odoris,

951 2018 1120 2060 Speculum
1145 2023 1180 2052 tu
1206 2030 1238 2052 es
1261 2021 1401 2064 honoris,

952 2066 1052 2098 Actus
1076 2069 1178 2099 nostri
1202 2068 1363 2100 tenebrosi

952 2112 1003 2147 Da
1027 2116 1062 2145 ut
1086 2113 1156 2145 Deo
1179 2115 1244 2146 sint
1268 2114 1410 2148 formosi.

894 2188 927 2220 4.
953 2188 1072 2228 Vale,
1107 2188 1203 2221 decor
1226 2190 1391 2234 puellaris,

952 2234 1042 2266 Inter
1069 2238 1194 2268 sanctos
1218 2237 1419 2278 collaudaris,

950 2281 1042 2313 Assis
1065 2282 1119 2322 pie
1141 2284 1174 2314 te
1194 2284 1329 2325 petenti,

952 2327 1085 2361 Morbos
1110 2329 1203 2363 aufer
1225 2331 1370 2371 patienti.
