1655 2573
208 433 288 463 222.

217 1192 294 1224 224.

221 1498 297 1530 225.

224 1805 302 1836 226.

226 2113 304 2145 227.

718 151 971 186 —222——

300 252 418 285 Dilecti
443 252 514 291 mei,
540 259 631 291 quam
656 250 790 279 testatur

298 299 514 338 Archangelus
540 299 570 328 et
594 297 804 336 praeconatur

343 345 498 379 Altissimi
523 342 718 375 auotoritas?

303 429 485 471 Respondet
502 436 576 468 pars
594 425 817 465 evangelistae:

301 475 516 508 Transmissus
540 477 661 513 patrem
682 472 724 503 ad
741 471 818 510 bap-

598 520 692 551 tistae

348 569 484 607 Legatus
510 567 637 607 quidam
661 565 797 597 aetheris

300 616 350 648 De
382 624 453 646 caro
478 617 531 645 tuo
556 612 726 652 fabulatur,

300 662 388 700 Quod
416 661 476 692 erit
499 668 645 701 magnus,
678 658 733 689 sed
758 666 820 689 non

601 705 696 745 fatur,

349 754 438 794 Quod
463 754 522 785 erit
545 753 645 784 maior
670 751 792 782 ceteris.

284 866 290 872 .
304 838 368 870 Sed
375 837 696 876 carusmeuS‚Ohristo
705 837 823 875 gratus,

305 886 385 917 Prae
395 886 514 916 cunctis
523 892 613 923 mage
620 884 824 922 praerogatus

351 930 479 963 Honore
501 939 592 970 quam
619 929 752 969 egregio,

305 978 377 1010 Non
393 981 514 1009 tantum
530 985 662 1016 magnae
677 975 734 1006 scd
758 983 822 1005 ma«

601 1023 677 1054 ioris

306 1071 557 1109 Praerogativae,
585 1068 724 1101 celsioris

354 1115 536 1156 Praefuiget
555 1115 732 1155 privilegio.

309 1192 432 1223 Idcirco
458 1200 529 1222 caro
553 1198 622 1221 ineo
649 1189 724 1221 cede

311 1237 475 1270 Credendo
499 1237 573 1268 testi
597 1235 660 1268 fido
685 1236 792 1267 Bedae

357 1283 539 1323 Presbyt’ro
563 1282 737 1315 venerabili

310 1330 486 1369 Isidorique
510 1329 708 1368 Hispalensis

309 1377 353 1408 Et
376 1376 544 1415 Augustini
567 1375 781 1415 Hipponensis

359 1422 536 1455 Assertioni
559 1422 677 1461 stabili,

316 1496 426 1528 Veraci
450 1504 571 1536 quoque
594 1505 662 1527 meo
690 1504 774 1537 caro,

313 1544 358 1575 Ut
381 1543 523 1574 veritatis
549 1551 611 1574 non
635 1543 754 1582 ignaro,

359 1589 488 1621 Ferenti
513 1588 561 1620 his
585 1589 794 1628 praeconium,

312 1637 480 1668 Famosum
490 1635 614 1675 quidem
626 1639 657 1666 et
665 1635 830 1674 sincerum,

313 1683 357 1714 Et
379 1683 445 1713 scio
471 1690 554 1723 vere,
581 1683 654 1721 quia
677 1690 785 1713 verum

362 1729 423 1761 Est
447 1729 511 1760 eius
537 1728 756 1762 testimonium,

317 1804 395 1835 Pars
401 1804 503 1842 prima
513 1803 597 1835 dicit:
605 1803 834 1842 Neescriptura

315 1851 385 1882 Hoc
412 1850 532 1888 patitur
555 1858 613 1881 nec
636 1851 743 1881 sinunt
765 1851 835 1882 iura

363 1897 425 1929 Seu
447 1897 527 1928 scita
549 1897 652 1937 legum
675 1896 791 1938 sobria,

317 1943 403 1982 Quod
411 1944 507 1975 scorti
518 1947 634 1975 castam
641 1946 731 1975 ornat
738 1944 835 1975 vestis

317 1991 379 2023 Seu
402 1990 516 2023 habilis
542 1994 574 2021 et
598 1991 706 2022 valens
730 1991 819 2021 testis

364 2037 413 2070 Sit
429 2038 497 2076 quis
522 2038 553 2068 in
581 2046 673 2069 causa
697 2037 836 2076 propria.

318 2112 503 2153 Respondet
518 2121 592 2152 pars
607 2112 836 2152 evangelistae:

321 2159 372 2190 Ab
396 2159 446 2189 his
470 2159 638 2190 latratibus
665 2159 789 2201 desiste,

367 2205 442 2237 Cum
467 2206 609 2238 Christus
635 2207 744 2237 auctor
774 2214 837 2236 om-

617 2253 702 2283 nium

319 2299 370 2330 De
391 2299 561 2338 semetipso
585 2298 728 2330 veritatis

321 2345 492 2378 Perhibeat
519 2348 550 2377 et
574 2345 739 2385 aequitatis

369 2393 526 2425 Sollemne
550 2392 770 2428 testimonium,

876 246 955 278 228.
970 243 1047 274 Rom
1051 249 1129 273 anae
1138 246 1261 279 quoque
1269 238 1355 270 sedis
1364 236 1491 277 quidem

879 586 957 619 229.

882 927 959 959 230.

887 1359 964 1390 231.

890 1652 969 1685 232.

894 1952 973 1984 233.

969 289 1113 321 Antistes
1137 294 1275 318 summus
1302 284 1444 316 scribens

1272 332 1397 371 pridem

1016 382 1165 414 Testatur
1191 380 1333 412 Clemens
1368 377 1493 416 tertius,

970 429 1059 469 Quod
1085 427 1154 468 quis
1170 428 1204 458 in
1221 434 1315 458 eausa
1331 434 1391 456 sua.
1405 432 1492 455 mere

971 477 1033 508 Pro
1059 474 1227 513 semetipso
1252 472 1422 512 perhibere

1019 523 1188 554 Testamen
1214 522 1308 560 queat
1333 518 1457 550 certius.

973 583 1031 616 His
1055 591 1131 623 pars
1156 580 1329 622 respondet
1344 586 1494 619 praecur-

1272 627 1369 658 soris:

972 677 1141 708 Testamen
1165 675 1226 706 etsi
1249 673 1415 706 salvatoris

1022 724 1136 756 Valere
1162 722 1248 754 Deus
1273 720 1384 752 maluit

972 771 1010 802 In
1028 770 1152 802 Christo
1172 771 1328 808 tamquam
1346 766 1495 807 speciale,

974 817 1046 849 Nou
1071 820 1177 848 tamen
1201 814 1270 847 fore
1294 813 1462 854 personale

1022 864 1084 896 Pro
1112 871 1185 894 caro
1210 869 1265 893 suo
1292 861 1400 892 valuit.

975 924 1109 957 Videtur
1149 930 1289 963 quoque,
1331 920 1415 961 quod
1455 920 1499 951 sis

1277 969 1416 1007 demens,

976 1018 1060 1049 Dum
1077 1015 1202 1057 profers
1220 1017 1288 1055 hoc,
1315 1015 1399 1054 quod
1415 1022 1501 1054 papa

1276 1062 1420 1095 Clemens

1022 1111 1135 1150 Inepte
1160 1110 1281 1149 pridem
1308 1109 1428 1149 statuit,

978 1158 1055 1191 Cum
1091 1157 1171 1188 illud
1210 1159 1369 1195 tamquam
1401 1154 1454 1186 lex

1277 1201 1412 1241 profana

979 1251 1027 1283 Sit
1051 1251 1236 1289 abrogatum
1257 1249 1290 1279 in
1306 1248 1499 1289 membrana,

1027 1297 1115 1335 Quod
1133 1298 1323 1335 occupanter
1337 1295 1439 1327 latuit.

979 1357 1059 1389 Pars
1074 1356 1168 1389 alt’ra
1183 1357 1274 1388 dicit:
1294 1356 1328 1388 Si
1345 1357 1503 1394 scriptura

982 1403 1207 1436 Consideretur
1231 1406 1326 1442 atque
1349 1403 1421 1434 iura

1027 1450 1185 1482 Notentur
1210 1450 1401 1490 diligentius,

980 1496 1051 1535 Dic,
1065 1497 1216 1535 numquid
1226 1497 1311 1536 leges
1325 1496 1503 1535 abrogatas,

982 1544 1180 1575 Auctoritate
1207 1543 1382 1574 denudatas

1027 1590 1167 1628 Adlegat
1189 1590 1391 1621 Innocentius
1400 1589 1418 1620 ‘x

983 1651 1062 1682 Pars
1069 1650 1172 1690 prima
1178 1650 1355 1690 responden
1360 1650 1399 1682 do
1406 1647 1504 1681 fatur:

984 1698 1048 1729 Hic
1072 1706 1156 1737 papa
1180 1698 1227 1728 sie
1251 1699 1491 1736 argumentatur

1031 1743 1082 1776 Ex
1109 1744 1267 1783 abrogatis
1292 1743 1425 1785 legibus,

987 1791 1032 1822 Ut
1056 1793 1173 1830 pateat,
1201 1793 1317 1830 quanto
1344 1789 1454 1822 favore

984 1837 1166 1869 Praelatam
1192 1837 1278 1870 Petri
1304 1838 1412 1869 sedem
1437 1835 1507 1869 fore

1033 1885 1063 1916 A
1087 1885 1186 1916 sacris
1213 1885 1286 1916 olim
1313 1885 1450 1924 regibus..

987 1951 1051 1983 Sed
1077 1950 1137 1983 etsi
1161 1951 1246 1990 Ieges
1272 1950 1441 1990 abrogatas

987 1998 1149 2039 Adlegans
1166 1998 1399 2030 exautorizatas

1034 2045 1072 2076 In
1098 2044 1190 2083 culpa
1214 2046 1257 2076 sit
1279 2044 1444 2085 insipienS,

989 2091 1059 2132 Dic,
1078 2092 1228 2131 numquid
1246 2100 1365 2131 procax
1384 2091 1513 2131 adlega-

1288 2141 1350 2176 tor,

989 2183 1273 2224 Praesumptuosus
1299 2185 1451 2219 recitator

1036 2231 1072 2263 In
1098 2240 1201 2272 poena
1224 2231 1282 2263 fiat
1301 2232 1454 2271 sapiens?

897 2299 976 2332 234.
990 2297 1041 2328 Ab
1067 2298 1162 2330 ait’ra
1177 2301 1270 2337 parte
1286 2297 1515 2337 respondetur:

992 2345 1157 2384 Scriptura
1181 2345 1209 2376 si
1235 2345 1468 2385 consideretur,

1037 2391 1109 2425 Non
1134 2392 1218 2424 solus
1246 2393 1285 2425 de
1310 2401 1345 2424 se
1370 2391 1453 2426 filius
