<?xml version="1.0" encoding="UTF-8"?>
<!DOCTYPE html PUBLIC "-//W3C//DTD XHTML 1.0 Transitional//EN"
    "http://www.w3.org/TR/xhtml1/DTD/xhtml1-transitional.dtd">
<html xmlns="http://www.w3.org/1999/xhtml" xml:lang="en" lang="en">
 <head>
  <title>
</title>
<meta http-equiv="Content-Type" content="text/html;charset=utf-8" />
  <meta name='ocr-system' content='tesseract 3.04.00' />
  <meta name='ocr-capabilities' content='ocr_page ocr_carea ocr_par ocr_line ocrx_word'/>
</head>
<body>
  <div class='ocr_page' id='page_1' title='image "./analectahymnica29drevuoft_00051.png"; bbox 0 0 1655 2573; ppageno 0'>
   <div class='ocr_carea' id='block_1_1' title="bbox 237 296 266 329">
    <p class='ocr_par' dir='ltr' id='par_1_1' title="bbox 237 296 266 329">
     <span class='ocr_line' id='line_1_1' title="bbox 237 296 266 329; baseline 0.034 -1"><span class='ocrx_word' id='word_1_1' title='bbox 237 296 266 329; x_wconf 77' lang='lat'>1.</span> 
     </span>
    </p>
   </div>
   <div class='ocr_carea' id='block_1_2' title="bbox 233 495 252 523">
    <p class='ocr_par' dir='ltr' id='par_1_2' title="bbox 233 495 252 523">
     <span class='ocr_line' id='line_1_2' title="bbox 233 495 252 523; textangle 90"><span class='ocrx_word' id='word_1_2' title='bbox 233 495 252 523; x_wconf 66' lang='grc' dir='ltr'>[ὑ</span> 
     </span>
    </p>
   </div>
   <div class='ocr_carea' id='block_1_3' title="bbox 753 135 982 170">
    <p class='ocr_par' dir='ltr' id='par_1_3' title="bbox 753 135 982 170">
     <span class='ocr_line' id='line_1_3' title="bbox 753 135 982 170; baseline 0.004 -11"><span class='ocrx_word' id='word_1_3' title='bbox 753 135 982 170; x_wconf 71' lang='grc'>-48-</span> 
     </span>
    </p>
   </div>
   <div class='ocr_carea' id='block_1_4' title="bbox 550 225 1177 259">
    <p class='ocr_par' dir='ltr' id='par_1_4' title="bbox 550 225 1177 259">
     <span class='ocr_line' id='line_1_4' title="bbox 550 225 1177 259; baseline -0.005 0"><span class='ocrx_word' id='word_1_4' title='bbox 550 227 610 259; x_wconf 89' lang='grc'>109.</span> <span class='ocrx_word' id='word_1_5' title='bbox 642 227 742 259; x_wconf 82' lang='lat' dir='ltr'>Oratio</span> <span class='ocrx_word' id='word_1_6' title='bbox 764 226 802 258; x_wconf 79' lang='lat' dir='ltr'>ad</span> <span class='ocrx_word' id='word_1_7' title='bbox 822 227 960 258; x_wconf 72' lang='lat' dir='ltr'>sanetum</span> <span class='ocrx_word' id='word_1_8' title='bbox 980 225 1177 257; x_wconf 85' lang='lat' dir='ltr'>Dominioum.</span> 
     </span>
    </p>
   </div>
   <div class='ocr_carea' id='block_1_5' title="bbox 256 292 1515 2374">
    <p class='ocr_par' dir='ltr' id='par_1_5' title="bbox 289 292 1449 477">
     <span class='ocr_line' id='line_1_5' title="bbox 292 292 1428 339; baseline -0.004 -11"><span class='ocrx_word' id='word_1_9' title='bbox 292 298 392 334; x_wconf 77' lang='lat' dir='ltr'>Ave,</span> <span class='ocrx_word' id='word_1_10' title='bbox 419 300 526 328; x_wconf 87' lang='lat' dir='ltr'>sancte</span> <span class='ocrx_word' id='word_1_11' title='bbox 549 296 721 339; x_wconf 86' lang='lat' dir='ltr'>Dominice‚</span> <span class='ocrx_word' id='word_1_12' title='bbox 907 297 936 328; x_wconf 88' lang='lat'>3.</span> <span class='ocrx_word' id='word_1_13' title='bbox 965 295 1126 333; x_wconf 76' lang='lat' dir='ltr'>Gaude,</span> <span class='ocrx_word' id='word_1_14' title='bbox 1154 294 1249 326; x_wconf 87' lang='lat' dir='ltr'>decor</span> <span class='ocrx_word' id='word_1_15' title='bbox 1275 292 1428 332; x_wconf 85' lang='lat' dir='ltr'>veritatis,</span> 
     </span>
     <span class='ocr_line' id='line_1_6' title="bbox 293 340 1380 384; baseline -0.005 -9"><span class='ocrx_word' id='word_1_16' title='bbox 293 344 391 376; x_wconf 73' lang='lat' dir='ltr'>Stella</span> <span class='ocrx_word' id='word_1_17' title='bbox 415 343 536 384; x_wconf 83' lang='lat' dir='ltr'>fulgens</span> <span class='ocrx_word' id='word_1_18' title='bbox 559 342 699 382; x_wconf 84' lang='lat' dir='ltr'>mirifice,</span> <span class='ocrx_word' id='word_1_19' title='bbox 966 342 1081 374; x_wconf 82' lang='lat' dir='ltr'>Carens</span> <span class='ocrx_word' id='word_1_20' title='bbox 1102 341 1178 373; x_wconf 89' lang='lat' dir='ltr'>felle</span> <span class='ocrx_word' id='word_1_21' title='bbox 1201 340 1380 380; x_wconf 85' lang='lat' dir='ltr'>pravitatis,</span> 
     </span>
     <span class='ocr_line' id='line_1_7' title="bbox 289 387 1449 431; baseline -0.005 -9"><span class='ocrx_word' id='word_1_22' title='bbox 289 391 327 422; x_wconf 86' lang='lat' dir='ltr'>In</span> <span class='ocrx_word' id='word_1_23' title='bbox 351 389 458 430; x_wconf 84' lang='lat' dir='ltr'>figuris</span> <span class='ocrx_word' id='word_1_24' title='bbox 481 391 710 431; x_wconf 85' lang='lat' dir='ltr'>praesignatus,</span> <span class='ocrx_word' id='word_1_25' title='bbox 964 390 1104 421; x_wconf 85' lang='lat' dir='ltr'>Fervens</span> <span class='ocrx_word' id='word_1_26' title='bbox 1131 388 1249 422; x_wconf 81' lang='lat' dir='ltr'>Christi</span> <span class='ocrx_word' id='word_1_27' title='bbox 1274 387 1308 419; x_wconf 91' lang='lat' dir='ltr'>in</span> <span class='ocrx_word' id='word_1_28' title='bbox 1333 393 1449 424; x_wconf 76' lang='lat' dir='ltr'>amore,</span> 
     </span>
     <span class='ocr_line' id='line_1_8' title="bbox 290 434 1364 477; baseline -0.003 -8"><span class='ocrx_word' id='word_1_29' title='bbox 290 438 466 477; x_wconf 80' lang='lat' dir='ltr'>Antequam</span> <span class='ocrx_word' id='word_1_30' title='bbox 492 445 524 467; x_wconf 91' lang='lat' dir='ltr'>es</span> <span class='ocrx_word' id='word_1_31' title='bbox 548 436 665 468; x_wconf 90' lang='lat' dir='ltr'>mundo</span> <span class='ocrx_word' id='word_1_32' title='bbox 689 439 791 469; x_wconf 82' lang='lat' dir='ltr'>natus,</span> <span class='ocrx_word' id='word_1_33' title='bbox 964 434 1071 468; x_wconf 88' lang='lat' dir='ltr'>Refice</span> <span class='ocrx_word' id='word_1_34' title='bbox 1094 445 1151 467; x_wconf 92' lang='lat' dir='ltr'>nos</span> <span class='ocrx_word' id='word_1_35' title='bbox 1178 435 1256 466; x_wconf 86' lang='lat' dir='ltr'>caeli</span> <span class='ocrx_word' id='word_1_36' title='bbox 1283 442 1364 466; x_wconf 90' lang='lat' dir='ltr'>rore.</span> 
     </span>
    </p>

    <p class='ocr_par' dir='ltr' id='par_1_6' title="bbox 256 489 1430 672">
     <span class='ocr_line' id='line_1_9' title="bbox 256 489 1430 534; baseline -0.003 -10"><span class='ocrx_word' id='word_1_37' title='bbox 256 517 262 524; x_wconf 96' lang='lat'><strong>.</strong></span> <span class='ocrx_word' id='word_1_38' title='bbox 290 492 431 531; x_wconf 82' lang='lat' dir='ltr'>Salve,</span> <span class='ocrx_word' id='word_1_39' title='bbox 457 492 548 523; x_wconf 80' lang='lat' dir='ltr'>iubar</span> <span class='ocrx_word' id='word_1_40' title='bbox 573 491 658 523; x_wconf 88' lang='lat' dir='ltr'>orbis</span> <span class='ocrx_word' id='word_1_41' title='bbox 683 492 811 534; x_wconf 74' lang='lat' dir='ltr'>clarum,</span> <span class='ocrx_word' id='word_1_42' title='bbox 906 494 936 525; x_wconf 75' lang='lat'>4.</span> <span class='ocrx_word' id='word_1_43' title='bbox 965 491 1079 533; x_wconf 80' lang='lat' dir='ltr'>Vale,</span> <span class='ocrx_word' id='word_1_44' title='bbox 1104 490 1161 523; x_wconf 88' lang='lat' dir='ltr'>flos</span> <span class='ocrx_word' id='word_1_45' title='bbox 1187 489 1430 525; x_wconf 84' lang='lat' dir='ltr'>coenobitarum,</span> 
     </span>
     <span class='ocr_line' id='line_1_10' title="bbox 293 536 1429 578; baseline -0.003 -8"><span class='ocrx_word' id='word_1_46' title='bbox 293 539 403 570; x_wconf 87' lang='lat' dir='ltr'>Nubes</span> <span class='ocrx_word' id='word_1_47' title='bbox 427 539 521 578; x_wconf 86' lang='lat' dir='ltr'>plena</span> <span class='ocrx_word' id='word_1_48' title='bbox 545 538 725 578; x_wconf 85' lang='lat' dir='ltr'>gratiarum,</span> <span class='ocrx_word' id='word_1_49' title='bbox 965 538 1023 578; x_wconf 80' lang='lat' dir='ltr'>Qui</span> <span class='ocrx_word' id='word_1_50' title='bbox 1048 547 1067 569; x_wconf 89' lang='lat' dir='ltr'>a</span> <span class='ocrx_word' id='word_1_51' title='bbox 1089 538 1155 570; x_wconf 88' lang='lat' dir='ltr'>sole</span> <span class='ocrx_word' id='word_1_52' title='bbox 1181 536 1286 569; x_wconf 82' lang='lat' dir='ltr'>differt</span> <span class='ocrx_word' id='word_1_53' title='bbox 1309 544 1429 576; x_wconf 86' lang='lat' dir='ltr'>parum,</span> 
     </span>
     <span class='ocr_line' id='line_1_11' title="bbox 295 582 1356 625; baseline -0.004 -8"><span class='ocrx_word' id='word_1_54' title='bbox 295 584 411 617; x_wconf 80' lang='lat' dir='ltr'>Confer</span> <span class='ocrx_word' id='word_1_55' title='bbox 435 586 538 616; x_wconf 88' lang='lat' dir='ltr'>lumen</span> <span class='ocrx_word' id='word_1_56' title='bbox 562 593 645 617; x_wconf 90' lang='lat' dir='ltr'>nunc</span> <span class='ocrx_word' id='word_1_57' title='bbox 668 585 796 625; x_wconf 77' lang='lat' dir='ltr'>erranti,</span> <span class='ocrx_word' id='word_1_58' title='bbox 962 585 1008 617; x_wconf 90' lang='lat' dir='ltr'>Te</span> <span class='ocrx_word' id='word_1_59' title='bbox 1029 585 1149 624; x_wconf 89' lang='lat' dir='ltr'>petenti</span> <span class='ocrx_word' id='word_1_60' title='bbox 1175 584 1217 615; x_wconf 92' lang='lat' dir='ltr'>sis</span> <span class='ocrx_word' id='word_1_61' title='bbox 1242 582 1356 625; x_wconf 88' lang='lat' dir='ltr'>fidelis,</span> 
     </span>
     <span class='ocr_line' id='line_1_12' title="bbox 290 629 1412 672; baseline -0.001 -9"><span class='ocrx_word' id='word_1_62' title='bbox 290 631 451 664; x_wconf 80' lang='lat' dir='ltr'>Lacrimas</span> <span class='ocrx_word' id='word_1_63' title='bbox 478 632 518 664; x_wconf 88' lang='lat' dir='ltr'>da</span> <span class='ocrx_word' id='word_1_64' title='bbox 542 631 725 672; x_wconf 85' lang='lat' dir='ltr'>paenitenti.</span> <span class='ocrx_word' id='word_1_65' title='bbox 963 631 1157 663; x_wconf 85' lang='lat' dir='ltr'>Mansionem</span> <span class='ocrx_word' id='word_1_66' title='bbox 1185 631 1226 663; x_wconf 88' lang='lat' dir='ltr'>da</span> <span class='ocrx_word' id='word_1_67' title='bbox 1249 631 1282 662; x_wconf 85' lang='lat' dir='ltr'>in</span> <span class='ocrx_word' id='word_1_68' title='bbox 1305 629 1412 662; x_wconf 85' lang='lat' dir='ltr'>caelis.</span> 
     </span>
    </p>

    <p class='ocr_par' dir='ltr' id='par_1_7' title="bbox 541 757 1181 790">
     <span class='ocr_line' id='line_1_13' title="bbox 541 757 1181 790; baseline -0.003 0"><span class='ocrx_word' id='word_1_69' title='bbox 541 759 598 790; x_wconf 84' lang='lat'><strong>110.</strong></span> <span class='ocrx_word' id='word_1_70' title='bbox 628 758 673 789; x_wconf 84' lang='lat' dir='ltr'>Ad</span> <span class='ocrx_word' id='word_1_71' title='bbox 695 759 832 790; x_wconf 80' lang='lat' dir='ltr'>sanctum</span> <span class='ocrx_word' id='word_1_72' title='bbox 852 757 1050 790; x_wconf 78' lang='lat' dir='ltr'>Franciscum</span> <span class='ocrx_word' id='word_1_73' title='bbox 1070 758 1181 788; x_wconf 80' lang='lat' dir='ltr'>oratio.</span> 
     </span>
    </p>

    <p class='ocr_par' dir='ltr' id='par_1_8' title="bbox 258 835 1512 1017">
     <span class='ocr_line' id='line_1_14' title="bbox 258 835 1512 877; baseline -0.003 -7"><span class='ocrx_word' id='word_1_74' title='bbox 258 864 264 870; x_wconf 96' lang='lat'><strong>.</strong></span> <span class='ocrx_word' id='word_1_75' title='bbox 291 839 375 869; x_wconf 85' lang='lat' dir='ltr'>Ave</span> <span class='ocrx_word' id='word_1_76' title='bbox 419 837 496 869; x_wconf 80' lang='lat' dir='ltr'>felix</span> <span class='ocrx_word' id='word_1_77' title='bbox 521 840 556 868; x_wconf 94' lang='lat' dir='ltr'>tu</span> <span class='ocrx_word' id='word_1_78' title='bbox 579 838 758 877; x_wconf 86' lang='lat' dir='ltr'>Francisce,</span> <span class='ocrx_word' id='word_1_79' title='bbox 906 837 936 870; x_wconf 84' lang='lat'>3.</span> <span class='ocrx_word' id='word_1_80' title='bbox 964 836 1125 875; x_wconf 81' lang='lat' dir='ltr'>Gaude,</span> <span class='ocrx_word' id='word_1_81' title='bbox 1151 836 1269 867; x_wconf 87' lang='lat' dir='ltr'>micans</span> <span class='ocrx_word' id='word_1_82' title='bbox 1305 836 1384 867; x_wconf 87' lang='lat' dir='ltr'>caeli</span> <span class='ocrx_word' id='word_1_83' title='bbox 1409 835 1512 875; x_wconf 83' lang='lat' dir='ltr'>stella,</span> 
     </span>
     <span class='ocr_line' id='line_1_15' title="bbox 293 882 1397 922; baseline -0.002 -7"><span class='ocrx_word' id='word_1_84' title='bbox 293 885 380 916; x_wconf 86' lang='lat' dir='ltr'>V1am</span> <span class='ocrx_word' id='word_1_85' title='bbox 404 884 464 915; x_wconf 92' lang='lat' dir='ltr'>Dei</span> <span class='ocrx_word' id='word_1_86' title='bbox 488 884 579 916; x_wconf 88' lang='lat' dir='ltr'>nobis</span> <span class='ocrx_word' id='word_1_87' title='bbox 606 884 700 921; x_wconf 88' lang='lat' dir='ltr'>disce,</span> <span class='ocrx_word' id='word_1_88' title='bbox 962 883 1071 916; x_wconf 83' lang='lat' dir='ltr'>Hostis</span> <span class='ocrx_word' id='word_1_89' title='bbox 1097 891 1189 914; x_wconf 86' lang='lat' dir='ltr'>serva</span> <span class='ocrx_word' id='word_1_90' title='bbox 1212 891 1231 913; x_wconf 84' lang='lat' dir='ltr'>a</span> <span class='ocrx_word' id='word_1_91' title='bbox 1255 882 1397 922; x_wconf 80' lang='lat' dir='ltr'>procella</span> 
     </span>
     <span class='ocr_line' id='line_1_16' title="bbox 294 928 1401 971; baseline -0.002 -10"><span class='ocrx_word' id='word_1_92' title='bbox 294 931 339 962; x_wconf 81' lang='lat' dir='ltr'>Tu</span> <span class='ocrx_word' id='word_1_93' title='bbox 365 939 396 961; x_wconf 87' lang='lat' dir='ltr'>es</span> <span class='ocrx_word' id='word_1_94' title='bbox 421 931 475 962; x_wconf 84' lang='lat' dir='ltr'>lux</span> <span class='ocrx_word' id='word_1_95' title='bbox 498 931 669 971; x_wconf 84' lang='lat' dir='ltr'>religionis,</span> <span class='ocrx_word' id='word_1_96' title='bbox 959 930 997 962; x_wconf 88' lang='lat' dir='ltr'>In</span> <span class='ocrx_word' id='word_1_97' title='bbox 1020 929 1081 962; x_wconf 91' lang='lat' dir='ltr'>hac</span> <span class='ocrx_word' id='word_1_98' title='bbox 1105 931 1172 961; x_wconf 88' lang='lat' dir='ltr'>vita</span> <span class='ocrx_word' id='word_1_99' title='bbox 1194 931 1228 960; x_wconf 93' lang='lat' dir='ltr'>te</span> <span class='ocrx_word' id='word_1_100' title='bbox 1253 928 1401 968; x_wconf 87' lang='lat' dir='ltr'>colentes,</span> 
     </span>
     <span class='ocr_line' id='line_1_17' title="bbox 294 976 1488 1017; baseline -0.002 -9"><span class='ocrx_word' id='word_1_101' title='bbox 294 977 457 1016; x_wconf 87' lang='lat' dir='ltr'>Speculum</span> <span class='ocrx_word' id='word_1_102' title='bbox 483 978 515 1008; x_wconf 91' lang='lat' dir='ltr'>in</span> <span class='ocrx_word' id='word_1_103' title='bbox 541 977 660 1008; x_wconf 88' lang='lat' dir='ltr'>cunctis</span> <span class='ocrx_word' id='word_1_104' title='bbox 685 977 785 1008; x_wconf 88' lang='lat' dir='ltr'>bonis.</span> <span class='ocrx_word' id='word_1_105' title='bbox 963 976 1058 1008; x_wconf 87' lang='lat' dir='ltr'>Malis</span> <span class='ocrx_word' id='word_1_106' title='bbox 1082 984 1183 1017; x_wconf 81' lang='lat' dir='ltr'>purga</span> <span class='ocrx_word' id='word_1_107' title='bbox 1207 979 1332 1007; x_wconf 88' lang='lat' dir='ltr'>nostras</span> <span class='ocrx_word' id='word_1_108' title='bbox 1357 977 1488 1007; x_wconf 83' lang='lat' dir='ltr'>mentes.</span> 
     </span>
    </p>

    <p class='ocr_par' dir='ltr' id='par_1_9' title="bbox 263 1031 1473 1118">
     <span class='ocr_line' id='line_1_18' title="bbox 263 1031 1473 1072; baseline -0.002 -8"><span class='ocrx_word' id='word_1_109' title='bbox 263 1058 269 1064; x_wconf 93' lang='lat'><strong>.</strong></span> <span class='ocrx_word' id='word_1_110' title='bbox 296 1033 436 1070; x_wconf 82' lang='lat' dir='ltr'>Salve,</span> <span class='ocrx_word' id='word_1_111' title='bbox 464 1033 559 1064; x_wconf 85' lang='lat' dir='ltr'>decus</span> <span class='ocrx_word' id='word_1_112' title='bbox 584 1033 765 1064; x_wconf 80' lang='lat' dir='ltr'>devotorum</span> <span class='ocrx_word' id='word_1_113' title='bbox 907 1035 938 1065; x_wconf 80' lang='lat'>4.</span> <span class='ocrx_word' id='word_1_114' title='bbox 964 1032 1084 1072; x_wconf 78' lang='lat' dir='ltr'>Vale,</span> <span class='ocrx_word' id='word_1_115' title='bbox 1108 1032 1259 1072; x_wconf 81' lang='lat' dir='ltr'>splendor</span> <span class='ocrx_word' id='word_1_116' title='bbox 1284 1031 1473 1071; x_wconf 70' lang='lat' dir='ltr'>sanctitatis,</span> 
     </span>
     <span class='ocr_line' id='line_1_19' title="bbox 294 1078 1354 1118; baseline -0.001 -8"><span class='ocrx_word' id='word_1_117' title='bbox 294 1079 460 1110; x_wconf 87' lang='lat' dir='ltr'>Hominum</span> <span class='ocrx_word' id='word_1_118' title='bbox 487 1082 518 1110; x_wconf 89' lang='lat' dir='ltr'>et</span> <span class='ocrx_word' id='word_1_119' title='bbox 541 1079 772 1112; x_wconf 83' lang='lat' dir='ltr'>monachorum.</span> <span class='ocrx_word' id='word_1_120' title='bbox 964 1079 1074 1118; x_wconf 87' lang='lat' dir='ltr'>Posce,</span> <span class='ocrx_word' id='word_1_121' title='bbox 1100 1082 1192 1118; x_wconf 86' lang='lat' dir='ltr'>pater</span> <span class='ocrx_word' id='word_1_122' title='bbox 1215 1078 1354 1118; x_wconf 72' lang='lat' dir='ltr'>pietatis,</span> 
     </span>
    </p>

    <p class='ocr_par' dir='ltr' id='par_1_10' title="bbox 291 1124 1455 1451">
     <span class='ocr_line' id='line_1_20' title="bbox 293 1124 1455 1165; baseline 0 -10"><span class='ocrx_word' id='word_1_123' title='bbox 293 1125 338 1155; x_wconf 74' lang='lat' dir='ltr'>&#39;ie</span> <span class='ocrx_word' id='word_1_124' title='bbox 364 1133 421 1156; x_wconf 81' lang='lat' dir='ltr'>rex</span> <span class='ocrx_word' id='word_1_125' title='bbox 447 1125 525 1156; x_wconf 84' lang='lat' dir='ltr'>caeli</span> <span class='ocrx_word' id='word_1_126' title='bbox 550 1126 724 1165; x_wconf 82' lang='lat' dir='ltr'>honoravit,</span> <span class='ocrx_word' id='word_1_127' title='bbox 965 1126 1112 1157; x_wconf 81' lang='lat' dir='ltr'>Sanctam</span> <span class='ocrx_word' id='word_1_128' title='bbox 1137 1125 1235 1158; x_wconf 88' lang='lat' dir='ltr'>vitam</span> <span class='ocrx_word' id='word_1_129' title='bbox 1261 1124 1315 1157; x_wconf 90' lang='lat' dir='ltr'>hic</span> <span class='ocrx_word' id='word_1_130' title='bbox 1339 1125 1455 1157; x_wconf 86' lang='lat' dir='ltr'>sectari</span> 
     </span>
     <span class='ocr_line' id='line_1_21' title="bbox 291 1171 1356 1211; baseline -0.001 -7"><span class='ocrx_word' id='word_1_131' title='bbox 291 1171 382 1204; x_wconf 86' lang='lat' dir='ltr'>Omni</span> <span class='ocrx_word' id='word_1_132' title='bbox 409 1171 490 1203; x_wconf 86' lang='lat' dir='ltr'>dono</span> <span class='ocrx_word' id='word_1_133' title='bbox 513 1172 690 1204; x_wconf 77' lang='lat' dir='ltr'>adornavit.</span> <span class='ocrx_word' id='word_1_134' title='bbox 963 1172 1008 1204; x_wconf 82' lang='lat' dir='ltr'>Et</span> <span class='ocrx_word' id='word_1_135' title='bbox 1032 1180 1100 1203; x_wconf 81' lang='lat' dir='ltr'>cum</span> <span class='ocrx_word' id='word_1_136' title='bbox 1123 1172 1192 1204; x_wconf 85' lang='lat' dir='ltr'>&#39;Deo</span> <span class='ocrx_word' id='word_1_137' title='bbox 1216 1171 1356 1211; x_wconf 82' lang='lat' dir='ltr'>gloriari.</span> 
     </span>
     <span class='ocr_line' id='line_1_22' title="bbox 667 1228 1088 1268; baseline -0.002 -8"><span class='ocrx_word' id='word_1_138' title='bbox 667 1228 691 1260; x_wconf 96' lang='grc' dir='ltr'>Ο</span> <span class='ocrx_word' id='word_1_139' title='bbox 719 1230 851 1266; x_wconf 84' lang='lat' dir='ltr'>creator,</span> <span class='ocrx_word' id='word_1_140' title='bbox 878 1236 988 1268; x_wconf 85' lang='lat' dir='ltr'>preces</span> <span class='ocrx_word' id='word_1_141' title='bbox 1014 1228 1088 1260; x_wconf 86' lang='lat' dir='ltr'>audi</span> 
     </span>
     <span class='ocr_line' id='line_1_23' title="bbox 664 1274 1115 1315; baseline 0 -9"><span class='ocrx_word' id='word_1_142' title='bbox 664 1274 708 1306; x_wconf 90' lang='lat' dir='ltr'>Et</span> <span class='ocrx_word' id='word_1_143' title='bbox 732 1283 791 1315; x_wconf 89' lang='lat' dir='ltr'>per</span> <span class='ocrx_word' id='word_1_144' title='bbox 816 1283 885 1308; x_wconf 89' lang='lat' dir='ltr'>eum</span> <span class='ocrx_word' id='word_1_145' title='bbox 910 1283 966 1306; x_wconf 92' lang='lat' dir='ltr'>nos</span> <span class='ocrx_word' id='word_1_146' title='bbox 990 1275 1115 1307; x_wconf 82' lang='lat' dir='ltr'>exaudi.</span> 
     </span>
     <span class='ocr_line' id='line_1_24' title="bbox 569 1410 1156 1451; baseline 0 -10"><span class='ocrx_word' id='word_1_147' title='bbox 569 1410 617 1441; x_wconf 91' lang='lat'><strong>111.</strong></span> <span class='ocrx_word' id='word_1_148' title='bbox 649 1410 692 1440; x_wconf 83' lang='lat' dir='ltr'>De</span> <span class='ocrx_word' id='word_1_149' title='bbox 713 1411 817 1441; x_wconf 78' lang='lat' dir='ltr'>saneto</span> <span class='ocrx_word' id='word_1_150' title='bbox 838 1411 947 1442; x_wconf 76' lang='lat' dir='ltr'>&#39;rhomo</span> <span class='ocrx_word' id='word_1_151' title='bbox 971 1411 1008 1443; x_wconf 80' lang='lat' dir='ltr'>de</span> <span class='ocrx_word' id='word_1_152' title='bbox 1029 1411 1156 1451; x_wconf 83' lang='lat' dir='ltr'>Aquino.</span> 
     </span>
    </p>

    <p class='ocr_par' dir='ltr' id='par_1_11' title="bbox 258 1489 1515 1663">
     <span class='ocr_line' id='line_1_25' title="bbox 258 1489 1515 1532; baseline 0.003 -13"><span class='ocrx_word' id='word_1_153' title='bbox 258 1512 264 1519; x_wconf 92' lang='lat'><strong>.</strong></span> <span class='ocrx_word' id='word_1_154' title='bbox 290 1490 388 1526; x_wconf 82' lang='lat' dir='ltr'>Ave,</span> <span class='ocrx_word' id='word_1_155' title='bbox 416 1489 536 1522; x_wconf 80' lang='lat' dir='ltr'>Thema</span> <span class='ocrx_word' id='word_1_156' title='bbox 561 1490 599 1520; x_wconf 88' lang='lat' dir='ltr'>de</span> <span class='ocrx_word' id='word_1_157' title='bbox 627 1489 762 1530; x_wconf 88' lang='lat' dir='ltr'>Aquino,</span> <span class='ocrx_word' id='word_1_158' title='bbox 905 1491 943 1522; x_wconf 88' lang='lat'>3.</span> <span class='ocrx_word' id='word_1_159' title='bbox 973 1489 1132 1530; x_wconf 81' lang='lat' dir='ltr'>Grande,</span> <span class='ocrx_word' id='word_1_160' title='bbox 1150 1491 1271 1530; x_wconf 84' lang='lat' dir='ltr'>lampas</span> <span class='ocrx_word' id='word_1_161' title='bbox 1290 1491 1515 1532; x_wconf 77' lang='lat' dir='ltr'>doctrinarum,</span> 
     </span>
     <span class='ocr_line' id='line_1_26' title="bbox 293 1535 1416 1579; baseline 0.004 -13"><span class='ocrx_word' id='word_1_162' title='bbox 293 1535 422 1566; x_wconf 86' lang='lat' dir='ltr'>Placens</span> <span class='ocrx_word' id='word_1_163' title='bbox 447 1544 571 1574; x_wconf 87' lang='lat' dir='ltr'>semper</span> <span class='ocrx_word' id='word_1_164' title='bbox 594 1536 644 1568; x_wconf 91' lang='lat' dir='ltr'>uni</span> <span class='ocrx_word' id='word_1_165' title='bbox 671 1536 763 1576; x_wconf 86' lang='lat' dir='ltr'>trino,</span> <span class='ocrx_word' id='word_1_166' title='bbox 967 1536 1056 1569; x_wconf 87' lang='lat' dir='ltr'>Pelle</span> <span class='ocrx_word' id='word_1_167' title='bbox 1081 1537 1179 1569; x_wconf 90' lang='lat' dir='ltr'>nubes</span> <span class='ocrx_word' id='word_1_168' title='bbox 1204 1538 1416 1579; x_wconf 85' lang='lat' dir='ltr'>tenebrarum,</span> 
     </span>
     <span class='ocr_line' id='line_1_27' title="bbox 293 1582 1456 1625; baseline 0.002 -12"><span class='ocrx_word' id='word_1_169' title='bbox 293 1582 339 1613; x_wconf 86' lang='lat' dir='ltr'>Te</span> <span class='ocrx_word' id='word_1_170' title='bbox 363 1582 498 1621; x_wconf 78' lang='lat' dir='ltr'>replevit</span> <span class='ocrx_word' id='word_1_171' title='bbox 522 1583 599 1613; x_wconf 86' lang='lat' dir='ltr'>caeli</span> <span class='ocrx_word' id='word_1_172' title='bbox 625 1582 706 1621; x_wconf 91' lang='lat' dir='ltr'>vino,</span> <span class='ocrx_word' id='word_1_173' title='bbox 967 1584 1117 1616; x_wconf 88' lang='lat' dir='ltr'>Fundens</span> <span class='ocrx_word' id='word_1_174' title='bbox 1142 1583 1258 1615; x_wconf 85' lang='lat' dir='ltr'>imbres</span> <span class='ocrx_word' id='word_1_175' title='bbox 1284 1584 1456 1625; x_wconf 81' lang='lat' dir='ltr'>gratiarum</span> 
     </span>
     <span class='ocr_line' id='line_1_28' title="bbox 298 1628 1389 1663; baseline 0.003 -5"><span class='ocrx_word' id='word_1_176' title='bbox 298 1628 388 1659; x_wconf 85' lang='lat' dir='ltr'>Vultu</span> <span class='ocrx_word' id='word_1_177' title='bbox 416 1628 522 1660; x_wconf 84' lang='lat' dir='ltr'>fruens</span> <span class='ocrx_word' id='word_1_178' title='bbox 546 1638 629 1661; x_wconf 89' lang='lat' dir='ltr'>nunc</span> <span class='ocrx_word' id='word_1_179' title='bbox 654 1629 770 1661; x_wconf 91' lang='lat' dir='ltr'>divino.</span> <span class='ocrx_word' id='word_1_180' title='bbox 969 1631 1022 1662; x_wconf 91' lang='lat' dir='ltr'>Ad</span> <span class='ocrx_word' id='word_1_181' title='bbox 1048 1630 1181 1662; x_wconf 88' lang='lat' dir='ltr'>salutem</span> <span class='ocrx_word' id='word_1_182' title='bbox 1207 1632 1389 1663; x_wconf 86' lang='lat' dir='ltr'>animarum.</span> 
     </span>
    </p>

    <p class='ocr_par' dir='ltr' id='par_1_12' title="bbox 260 1683 1474 1865">
     <span class='ocr_line' id='line_1_29' title="bbox 260 1683 1474 1726; baseline 0.002 -11"><span class='ocrx_word' id='word_1_183' title='bbox 260 1708 266 1714; x_wconf 92' lang='lat'><strong>.</strong></span> <span class='ocrx_word' id='word_1_184' title='bbox 293 1683 435 1715; x_wconf 86' lang='lat' dir='ltr'>Salve.</span> <span class='ocrx_word' id='word_1_185' title='bbox 466 1685 575 1716; x_wconf 88' lang='lat' dir='ltr'>doctor</span> <span class='ocrx_word' id='word_1_186' title='bbox 599 1685 744 1725; x_wconf 74' lang='lat' dir='ltr'>gloriose.</span> <span class='ocrx_word' id='word_1_187' title='bbox 909 1689 940 1718; x_wconf 85' lang='lat'>4.</span> <span class='ocrx_word' id='word_1_188' title='bbox 966 1686 1090 1726; x_wconf 81' lang='lat' dir='ltr'>Vale,</span> <span class='ocrx_word' id='word_1_189' title='bbox 1116 1687 1203 1718; x_wconf 83' lang='lat' dir='ltr'>clara</span> <span class='ocrx_word' id='word_1_190' title='bbox 1227 1687 1279 1718; x_wconf 88' lang='lat' dir='ltr'>lux</span> <span class='ocrx_word' id='word_1_191' title='bbox 1305 1687 1474 1726; x_wconf 80' lang='lat' dir='ltr'>caelorum,</span> 
     </span>
     <span class='ocr_line' id='line_1_30' title="bbox 295 1730 1424 1774; baseline 0.004 -12"><span class='ocrx_word' id='word_1_192' title='bbox 295 1730 413 1762; x_wconf 84' lang='lat' dir='ltr'>Lucem</span> <span class='ocrx_word' id='word_1_193' title='bbox 437 1739 587 1770; x_wconf 84' lang='lat' dir='ltr'>spargens</span> <span class='ocrx_word' id='word_1_194' title='bbox 611 1731 754 1769; x_wconf 75' lang='lat' dir='ltr'>uberose,</span> <span class='ocrx_word' id='word_1_195' title='bbox 968 1732 1103 1765; x_wconf 88' lang='lat' dir='ltr'>Pulchra</span> <span class='ocrx_word' id='word_1_196' title='bbox 1127 1733 1221 1765; x_wconf 86' lang='lat' dir='ltr'>stella</span> <span class='ocrx_word' id='word_1_197' title='bbox 1242 1734 1424 1774; x_wconf 86' lang='lat' dir='ltr'>electorum,</span> 
     </span>
     <span class='ocr_line' id='line_1_31' title="bbox 297 1776 1363 1818; baseline 0.006 -11"><span class='ocrx_word' id='word_1_198' title='bbox 297 1776 426 1815; x_wconf 83' lang='lat' dir='ltr'>Semper</span> <span class='ocrx_word' id='word_1_199' title='bbox 452 1778 558 1809; x_wconf 86' lang='lat' dir='ltr'>vivens</span> <span class='ocrx_word' id='word_1_200' title='bbox 585 1778 733 1818; x_wconf 89' lang='lat' dir='ltr'>virtuose,</span> <span class='ocrx_word' id='word_1_201' title='bbox 968 1779 1017 1811; x_wconf 88' lang='lat' dir='ltr'>Sis</span> <span class='ocrx_word' id='word_1_202' title='bbox 1044 1779 1183 1812; x_wconf 86' lang='lat' dir='ltr'>director</span> <span class='ocrx_word' id='word_1_203' title='bbox 1207 1781 1363 1813; x_wconf 86' lang='lat' dir='ltr'>viatorum</span> 
     </span>
     <span class='ocr_line' id='line_1_32' title="bbox 294 1823 1352 1865; baseline 0.006 -11"><span class='ocrx_word' id='word_1_204' title='bbox 294 1823 339 1854; x_wconf 84' lang='lat' dir='ltr'>Te</span> <span class='ocrx_word' id='word_1_205' title='bbox 365 1823 406 1855; x_wconf 84' lang='lat' dir='ltr'>da</span> <span class='ocrx_word' id='word_1_206' title='bbox 429 1824 517 1864; x_wconf 85' lang='lat' dir='ltr'>sequi</span> <span class='ocrx_word' id='word_1_207' title='bbox 541 1825 687 1865; x_wconf 79' lang='lat' dir='ltr'>gratiose.</span> <span class='ocrx_word' id='word_1_208' title='bbox 965 1826 1091 1858; x_wconf 79' lang='lat' dir='ltr'>Gaudia.</span> <span class='ocrx_word' id='word_1_209' title='bbox 1112 1827 1155 1859; x_wconf 85' lang='lat' dir='ltr'>ad</span> <span class='ocrx_word' id='word_1_210' title='bbox 1177 1826 1352 1861; x_wconf 77' lang='lat' dir='ltr'>beatorum.</span> 
     </span>
    </p>

    <p class='ocr_par' dir='ltr' id='par_1_13' title="bbox 477 1961 1248 2003">
     <span class='ocr_line' id='line_1_33' title="bbox 477 1961 1248 2003; baseline 0.004 -11"><span class='ocrx_word' id='word_1_211' title='bbox 477 1961 533 1992; x_wconf 80' lang='lat'><strong>112.</strong></span> <span class='ocrx_word' id='word_1_212' title='bbox 563 1961 708 2001; x_wconf 76' lang='lat' dir='ltr'>Sequitur</span> <span class='ocrx_word' id='word_1_213' title='bbox 729 1961 831 1993; x_wconf 74' lang='lat' dir='ltr'>oratio</span> <span class='ocrx_word' id='word_1_214' title='bbox 852 1962 891 1993; x_wconf 77' lang='lat' dir='ltr'>ad</span> <span class='ocrx_word' id='word_1_215' title='bbox 910 1963 1050 1994; x_wconf 73' lang='lat' dir='ltr'>sanctam</span> <span class='ocrx_word' id='word_1_216' title='bbox 1070 1963 1248 2003; x_wconf 75' lang='lat' dir='ltr'>Birgittam.</span> 
     </span>
    </p>

    <p class='ocr_par' dir='ltr' id='par_1_14' title="bbox 260 2039 1467 2217">
     <span class='ocr_line' id='line_1_34' title="bbox 260 2039 1467 2084; baseline 0.004 -14"><span class='ocrx_word' id='word_1_217' title='bbox 260 2064 266 2070; x_wconf 97' lang='lat'><strong>.</strong></span> <span class='ocrx_word' id='word_1_218' title='bbox 291 2043 395 2078; x_wconf 81' lang='lat' dir='ltr'>Ave,</span> <span class='ocrx_word' id='word_1_219' title='bbox 421 2039 498 2072; x_wconf 81' lang='lat' dir='ltr'>felix</span> <span class='ocrx_word' id='word_1_220' title='bbox 523 2045 556 2071; x_wconf 90' lang='lat' dir='ltr'>tu</span> <span class='ocrx_word' id='word_1_221' title='bbox 581 2040 727 2081; x_wconf 80' lang='lat' dir='ltr'>Birgitta,</span> <span class='ocrx_word' id='word_1_222' title='bbox 908 2043 938 2074; x_wconf 83' lang='lat'>3.</span> <span class='ocrx_word' id='word_1_223' title='bbox 967 2042 1120 2082; x_wconf 85' lang='lat' dir='ltr'>Gaude,</span> <span class='ocrx_word' id='word_1_224' title='bbox 1147 2052 1265 2084; x_wconf 84' lang='lat' dir='ltr'>sponsa</span> <span class='ocrx_word' id='word_1_225' title='bbox 1287 2044 1467 2083; x_wconf 82' lang='lat' dir='ltr'>salvatoris,</span> 
     </span>
     <span class='ocr_line' id='line_1_35' title="bbox 294 2087 1452 2130; baseline 0.003 -12"><span class='ocrx_word' id='word_1_226' title='bbox 294 2087 369 2118; x_wconf 85' lang='lat' dir='ltr'>Flos</span> <span class='ocrx_word' id='word_1_227' title='bbox 394 2087 543 2119; x_wconf 81' lang='lat' dir='ltr'>virtutum</span> <span class='ocrx_word' id='word_1_228' title='bbox 568 2090 600 2118; x_wconf 81' lang='lat' dir='ltr'>et</span> <span class='ocrx_word' id='word_1_229' title='bbox 621 2088 747 2128; x_wconf 80' lang='lat' dir='ltr'>sagitta,</span> <span class='ocrx_word' id='word_1_230' title='bbox 964 2090 1099 2128; x_wconf 83' lang='lat' dir='ltr'>Protege</span> <span class='ocrx_word' id='word_1_231' title='bbox 1124 2098 1182 2121; x_wconf 84' lang='lat' dir='ltr'>nos</span> <span class='ocrx_word' id='word_1_232' title='bbox 1208 2090 1328 2122; x_wconf 83' lang='lat' dir='ltr'>cunctis</span> <span class='ocrx_word' id='word_1_233' title='bbox 1354 2091 1452 2130; x_wconf 79' lang='lat' dir='ltr'>horis,</span> 
     </span>
     <span class='ocr_line' id='line_1_36' title="bbox 298 2133 1385 2176; baseline 0.003 -11"><span class='ocrx_word' id='word_1_234' title='bbox 298 2133 401 2165; x_wconf 80' lang='lat' dir='ltr'>Corda</span> <span class='ocrx_word' id='word_1_235' title='bbox 424 2136 554 2173; x_wconf 87' lang='lat' dir='ltr'>tangens</span> <span class='ocrx_word' id='word_1_236' title='bbox 579 2137 790 2176; x_wconf 83' lang='lat' dir='ltr'>peccatorum,</span> <span class='ocrx_word' id='word_1_237' title='bbox 966 2136 996 2166; x_wconf 91' lang='lat' dir='ltr'><strong>A</strong></span> <span class='ocrx_word' id='word_1_238' title='bbox 1022 2136 1158 2167; x_wconf 86' lang='lat' dir='ltr'>crudelis</span> <span class='ocrx_word' id='word_1_239' title='bbox 1184 2136 1283 2168; x_wconf 80' lang='lat' dir='ltr'>hostis</span> <span class='ocrx_word' id='word_1_240' title='bbox 1308 2137 1385 2168; x_wconf 80' lang='lat' dir='ltr'>loris</span> 
     </span>
     <span class='ocr_line' id='line_1_37' title="bbox 293 2179 1364 2217; baseline 0.004 -6"><span class='ocrx_word' id='word_1_241' title='bbox 293 2180 419 2211; x_wconf 81' lang='lat' dir='ltr'>Mentes</span> <span class='ocrx_word' id='word_1_242' title='bbox 444 2179 572 2211; x_wconf 87' lang='lat' dir='ltr'>firmans</span> <span class='ocrx_word' id='word_1_243' title='bbox 598 2180 790 2211; x_wconf 85' lang='lat' dir='ltr'>devotorum.</span> <span class='ocrx_word' id='word_1_244' title='bbox 969 2181 1110 2214; x_wconf 82' lang='lat' dir='ltr'>Gratiam</span> <span class='ocrx_word' id='word_1_245' title='bbox 1137 2183 1177 2214; x_wconf 86' lang='lat' dir='ltr'>da</span> <span class='ocrx_word' id='word_1_246' title='bbox 1203 2184 1364 2217; x_wconf 80' lang='lat' dir='ltr'>creatoris.</span> 
     </span>
    </p>

    <p class='ocr_par' dir='ltr' id='par_1_15' title="bbox 261 2236 1450 2374">
     <span class='ocr_line' id='line_1_38' title="bbox 261 2236 1440 2278; baseline 0.003 -9"><span class='ocrx_word' id='word_1_247' title='bbox 261 2261 268 2269; x_wconf 91' lang='lat'><strong>.</strong></span> <span class='ocrx_word' id='word_1_248' title='bbox 295 2236 438 2274; x_wconf 81' lang='lat' dir='ltr'>Salve,</span> <span class='ocrx_word' id='word_1_249' title='bbox 465 2244 537 2267; x_wconf 85' lang='lat' dir='ltr'>rosa</span> <span class='ocrx_word' id='word_1_250' title='bbox 560 2238 596 2267; x_wconf 86' lang='lat' dir='ltr'>tu</span> <span class='ocrx_word' id='word_1_251' title='bbox 622 2236 788 2275; x_wconf 85' lang='lat' dir='ltr'>caelorum,</span> <span class='ocrx_word' id='word_1_252' title='bbox 912 2239 941 2269; x_wconf 77' lang='lat'>4.</span> <span class='ocrx_word' id='word_1_253' title='bbox 969 2237 1093 2278; x_wconf 82' lang='lat' dir='ltr'>Vale,</span> <span class='ocrx_word' id='word_1_254' title='bbox 1121 2238 1240 2270; x_wconf 85' lang='lat' dir='ltr'>candor</span> <span class='ocrx_word' id='word_1_255' title='bbox 1264 2239 1440 2277; x_wconf 86' lang='lat' dir='ltr'>mulierum,</span> 
     </span>
     <span class='ocr_line' id='line_1_39' title="bbox 297 2283 1450 2327; baseline 0.005 -14"><span class='ocrx_word' id='word_1_256' title='bbox 297 2283 510 2315; x_wconf 82' lang='lat' dir='ltr'>Interventrix</span> <span class='ocrx_word' id='word_1_257' title='bbox 534 2290 566 2313; x_wconf 91' lang='lat' dir='ltr'>es</span> <span class='ocrx_word' id='word_1_258' title='bbox 591 2291 725 2323; x_wconf 87' lang='lat' dir='ltr'>reorum,</span> <span class='ocrx_word' id='word_1_259' title='bbox 972 2283 1071 2315; x_wconf 87' lang='lat' dir='ltr'>Nobis</span> <span class='ocrx_word' id='word_1_260' title='bbox 1098 2285 1181 2317; x_wconf 85' lang='lat' dir='ltr'>dona</span> <span class='ocrx_word' id='word_1_261' title='bbox 1205 2293 1259 2317; x_wconf 88' lang='lat' dir='ltr'>cor</span> <span class='ocrx_word' id='word_1_262' title='bbox 1283 2286 1450 2327; x_wconf 78' lang='lat' dir='ltr'>sincerum,</span> 
     </span>
     <span class='ocr_line' id='line_1_40' title="bbox 293 2329 1408 2374; baseline 0.004 -12"><span class='ocrx_word' id='word_1_263' title='bbox 293 2331 407 2363; x_wconf 84' lang='lat' dir='ltr'>Sancta</span> <span class='ocrx_word' id='word_1_264' title='bbox 431 2333 531 2361; x_wconf 83' lang='lat' dir='ltr'>mater</span> <span class='ocrx_word' id='word_1_265' title='bbox 554 2329 769 2368; x_wconf 80' lang='lat' dir='ltr'>Almanorum,</span> <span class='ocrx_word' id='word_1_266' title='bbox 970 2330 1066 2366; x_wconf 82' lang='lat' dir='ltr'>Placa-</span> <span class='ocrx_word' id='word_1_267' title='bbox 1090 2332 1180 2364; x_wconf 85' lang='lat' dir='ltr'>nobis</span> <span class='ocrx_word' id='word_1_268' title='bbox 1206 2333 1285 2366; x_wconf 85' lang='lat' dir='ltr'>caeli</span> <span class='ocrx_word' id='word_1_269' title='bbox 1311 2341 1408 2374; x_wconf 89' lang='lat' dir='ltr'>erum,</span> 
     </span>
    </p>
   </div>
   <div class='ocr_carea' id='block_1_6' title="bbox 291 2376 1455 2417">
    <p class='ocr_par' dir='ltr' id='par_1_16' title="bbox 291 2376 1455 2417">
     <span class='ocr_line' id='line_1_41' title="bbox 291 2376 1455 2417; baseline 0.003 -6"><span class='ocrx_word' id='word_1_270' title='bbox 291 2376 477 2411; x_wconf 65' lang='lat' dir='ltr'>Miserat-,rix</span> <span class='ocrx_word' id='word_1_271' title='bbox 501 2376 544 2409; x_wconf 84' lang='lat' dir='ltr'>sis</span> <span class='ocrx_word' id='word_1_272' title='bbox 571 2380 764 2410; x_wconf 82' lang='lat' dir='ltr'>cunctorum.</span> <span class='ocrx_word' id='word_1_273' title='bbox 969 2377 1020 2410; x_wconf 89' lang='lat' dir='ltr'>Da</span> <span class='ocrx_word' id='word_1_274' title='bbox 1044 2381 1171 2417; x_wconf 82' lang='lat' dir='ltr'>gustare</span> <span class='ocrx_word' id='word_1_275' title='bbox 1194 2388 1309 2413; x_wconf 84' lang='lat' dir='ltr'>manua</span> <span class='ocrx_word' id='word_1_276' title='bbox 1335 2390 1455 2417; x_wconf 84' lang='lat' dir='ltr'>vemm.</span> 
     </span>
    </p>
   </div>
  </div>
 </body>
</html>
