1655 2573
760 168 991 204 ,84-

248 267 279 298 4.
308 264 428 308 Gaude,
454 274 512 306 per
537 274 628 305 quem
652 264 834 297 meretrices
921 266 950 297 6.
979 262 1100 303 Gaude,
1125 262 1178 302 qui
1204 262 1277 294 dum
1302 261 1461 301 iacularis„

304 312 386 344 Fide
409 312 507 349 fortes
533 316 565 344 et
583 313 728 344 victrices
977 310 1049 341 Non
1074 310 1197 349 sagittis
1221 310 1382 352 sauciaris,

350 360 448 392 Fiunt
475 368 533 400 per
557 360 754 400 martyrium,
1025 356 1087 388 Sed
1113 357 1253 396 pendent
1275 357 1306 388 in
1333 364 1418 395 aere,

306 406 372 438 Nos
397 416 416 438 a
442 406 567 438 Christo
592 414 675 437 1111110
697 405 814 437 armari
976 404 1069 435 Nunc
1096 404 1135 435 de
1157 403 1247 435 nobis
1272 404 1465 435 intromittas

305 453 374 484 Nec
397 453 436 484 ab
461 453 529 492 ipso
555 452 697 491 separari
975 451 1017 482 Et
1042 459 1099 482 nos
1124 459 1230 482 omnes
1255 449 1307 482 fac
1331 451 1462 490 sagittas

353 499 443 531 Sinas
468 508 526 538 per
549 499 711 538 flagitium.
1023 497 1219 529 Daemonum
1243 499 1391 530 evadere.

249 557 279 587 5.
308 554 426 597 Gaude,
454 555 507 594 qui
528 554 600 586 dum
617 554 719 594 ignem
738 553 847 592 vincis,
919 556 949 587 7.
977 553 1098 593 Gaude,
1127 553 1213 585 cuius
1240 558 1335 593 caput
1360 562 1434 585 ense

303 601 450 634 Infideles
476 601 522 632 sic
544 601 712 644 convincis,
978 601 1109 633 Caesum
1135 603 1212 641 erat,
1241 603 1272 632 et
1291 601 1443 632 immense

350 648 439 686 Quod
466 648 542 679 dant
565 648 632 679 Deo
657 647 798 688 gloriam,
1023 648 1118 680 Lucis
1147 648 1247 680 intras
1273 649 1431 688 gaudium,

302 694 369 727 Nos
394 694 435 726 ad
462 694 580 727 Christi
603 704 686 726 1111110
710 702 846 725 amorem
976 694 1082 726 Donet
1105 694 1202 736 Deus,
1228 697 1263 726 ut
1287 698 1318 726 te
1345 695 1423 727 duee

305 741 517 773 Accendendo
544 741 615 772 dele
637 749 753 773 morem
979 741 1185 774 Perfruamur
1209 742 1268 773 illa
1289 742 1370 783 11100,

352 788 507 820 Peccandi
531 796 589 827 per
614 788 745 819 veniam.
1026 789 1112 827 Quae
1138 789 1191 820 dat
1216 789 1306 820 bonis
1332 789 1484 821 bravium.

310 851 387 879 Orat.
408 861 460 879 ms.
487 852 673 888 Anglicanum
694 860 767 879 saeco
792 850 833 878 15.
875 851 943 879 (jod.
963 852 1140 879 Londinens.
1164 852 1291 879 Arundel
1311 850 1375 880 203.

611 960 672 992 159.
704 961 745 992 De
764 969 788 992 s.
810 960 946 992 Iohanne
965 960 1126 999 Beverley.

246 1039 276 1071 1.
302 1038 381 1078 Ave,
406 1047 527 1078 gemma
552 1044 740 1079 curatorum,
925 1041 956 1072 3.
980 1040 1062 1080 Ave,
1089 1040 1173 1072 salus
1198 1040 1403 1082 infirmorum,

302 1086 326 1118 Ο
352 1085 517 1126 Iohannes,
542 1084 599 1118 flos
626 1087 797 1124 doctorum,
979 1087 1140 1118 Medicina
1160 1090 1355 1123 vexatorum,

347 1132 465 1164 Rector
490 1132 529 1164 de
550 1132 745 1172 Marstonia3
1023 1132 1173 1165 Febrium
1198 1135 1361 1174 molestia3

303 1180 381 1218 Ave,
412 1178 467 1210 lux
490 1179 753 1218 praedicatorum,
976 1181 1055 1220 Ave,
1080 1180 1187 1212 lumen
1212 1182 1382 1223 oculorum,

304 1226 368 1258 Vas
392 1225 552 1265 virtutum,
581 1226 630 1258 via
658 1236 789 1265 morum,
976 1227 1145 1259 Liberator
1168 1228 1390 1268 languidorum

349 1272 476 1303 Ducens
500 1273 541 1304 ad
567 1274 726 1306 caelestia.
1024 1274 1173 1306 Dentium
1198 1276 1353 1315 angustia.

248 1328 284 1361 2.
309 1329 387 1367 Ave,
413 1330 504 1367 pater
528 1329 720 1368 clericorum,
920 1332 951 1363 4.
978 1331 1058 1371 Ave,
1084 1339 1154 1361 eum
1177 1331 1400 1363 miraculorum

308 1374 480 1414 Exemplar
500 1375 755 1414 presbyterorum
976 1377 1149 1408 Redivivus
1175 1377 1231 1409 bos
1255 1380 1380 1410 tuorum

348 1421 390 1452 Et
414 1421 542 1452 vincens
568 1422 748 1461 daemonia3
1025 1423 1153 1455 Profert
1176 1424 1377 1465 testimonia;

303 1468 382 1510 Ave,
411 1475 537 1499 consors
567 1469 756 1508 angelorum,
979 1470 1059 1507 Ave,
1087 1470 1181 1501 duum
1206 1479 1379 1510 puerorum

306 1514 544 1553 Contemplator
569 1523 777 1553 supernorum
978 1515 1153 1548 Suscitator
1180 1517 1413 1550 submersorum

347 1561 384 1592 In
410 1561 513 1592 carnis
538 1561 699 1593 munditia.
1028 1562 1090 1594 Per
1113 1565 1167 1594 tua
1191 1563 1347 1604 suffragia.

584 1619 614 1650 5.
641 1618 711 1649 Ave
735 1620 779 1657 tu,
806 1617 859 1657 qui
884 1626 916 1649 es
943 1620 1124 1651 cunctorum

641 1663 827 1696 Consolator
850 1664 1044 1706 miserorum,

686 1710 745 1749 Qui
769 1713 842 1742 sunt
864 1711 898 1742 in
922 1711 1062 1753 tristitia,

639 1757 719 1796 Ave,
747 1757 809 1789 dux
826 1758 1073 1798 peregrinorum,

640 1802 719 1835 Esto
746 1804 857 1835 ductor
880 1806 1037 1836 viatorum

686 1850 739 1882 Ad
764 1859 901 1892 superna
925 1852 1048 1891 gaudia.

308 1913 386 1940 Orat.
406 1922 458 1940 mS.
479 1913 672 1949 Angiicanum
692 1923 766 1942 sace.
789 1913 832 1942 15.
865 1913 932 1943 Cod.
953 1917 1115 1944 Londinen.
1136 1918 1219 1945 Harl.
1240 1917 1323 1947 2445.
1343 1921 1377 1948 A.
1400 1935 1439 1940 —
1459 1922 1528 1949 Cod.

235 1952 374 1979 Oxom'en.
393 1950 485 1978 Laud.
505 1951 627 1978 Miscell.
649 1949 712 1979 598.
734 1961 808 1980 saec.
831 1950 872 1980 15.
894 1954 957 1980 add.
978 1963 1052 1982 saec.
1075 1953 1146 1982 ¹⁵l1e.
1165 1957 1198 1983 B.
1212 1971 1251 1976 —
1265 1956 1333 1984 Ood.
1355 1957 1478 1994 Collegii
1500 1959 1529 1987 S.

231 1988 372 2016 Iohannis
392 1989 532 2016 Oxonien.
553 1986 615 2016 209.
638 1989 667 2016 C.

592 2098 650 2130 160.
680 2099 723 2129 De
743 2107 766 2130 s.
787 2099 923 2131 Iohanne
942 2101 1160 2141 Evangelista.

246 2175 275 2208 1.
303 2174 423 2214 Gaude,
448 2175 644 2215 praedilecte
668 2176 737 2215 Dei,
920 2180 951 2210 2.
980 2179 1100 2222 Gaude,
1127 2182 1200 2221 quia
1221 2183 1357 2222 paruisti

304 2221 362 2261 Tu,
388 2221 553 2263 Iohannes,
580 2222 735 2254 Zebedaei
981 2226 1119 2267 Christo,
1149 2232 1223 2267 post
1247 2239 1338 2270 quem
1364 2232 1532 2264 cucurristi

350 2267 465 2308 Natus,
490 2271 600 2300 nactus
624 2270 766 2310 gratiam,
1024 2273 1103 2306 Mox
1127 2275 1250 2307 relictis
1275 2278 1406 2319 retibus,

306 2315 442 2359 Christo,
470 2324 552 2356 care,
578 2324 635 2347 nos
661 2317 830 2358 coniungas
981 2320 1059 2364 [Fac
1082 2330 1133 2353 me
1159 2322 1285 2356 Christo
1309 2324 1438 2370 sociari]

302 2363 346 2394 Et
368 2372 388 2394 a
409 2362 500 2394 nobis
525 2371 609 2394 nnnc
634 2364 795 2404 disiungas
979 2367 1110 2407 Semper
1135 2373 1168 2402 et
1191 2370 1238 2402 sie
1264 2372 1414 2405 adornari

349 2410 479 2442 Omnem
503 2410 698 2442 iniustitiam.
1028 2415 1158 2450 Gratiae
1179 2418 1359 2453 virtutibus.
