1655 2573
657 128 911 165 »145-

554 222 616 254 27⁷.
648 222 691 255 De
711 223 823 254 saneta
842 219 1023 263 Euphemia.

178 338 185 345 ‚
212 309 334 350 Gaude,
360 309 450 351 virgo
475 311 594 343 Christi
618 313 737 351 sancta,
833 312 864 344 4.
891 311 1012 342 Horum
1038 309 1121 341 vires
1147 309 1251 349 precis
1276 316 1358 340 nexu
1403 318 1406 321 ·

210 356 337 397 Mat-tyr
359 356 468 390 multis
489 358 600 397 poenis
626 360 727 396 ancta,
889 359 924 390 In
948 355 1100 397 fragiliori
1127 365 1205 387 sexu

254 403 394 444 Egregia
416 403 604 444 Euphemia‚
937 403 1159 443 Constringens
1183 402 1320 435 viriliter

212 451 295 488 Quas
319 450 457 484 libenter
481 451 646 492 sustulisti,
890 450 1112 489 Castitatisque
1134 449 1270 482 incultos

210 496 257 528 Te
281 497 434 529 audacter
451 498 589 530 iniecisti
890 498 1099 537 corruptores
1124 496 1201 528 satis
1225 497 1339 527 multos

259 544 306 576 Ob
331 543 455 577 infinita
477 545 630 584 praemia.
937 543 1139 576 Confundens
1161 542 1373 575 laudabiliter.

178 634 186 643 .
214 608 322 649 Sfirpe
345 613 421 641 nata
444 610 665 652 praehonesta‚
831 611 862 641 5.
888 609 953 643 Sed
976 609 1105 642 tandem
1130 607 1305 641 transfossa
1328 617 1401 641 ense

212 655 298 687 Voce
323 655 410 687 clara
435 664 467 688 es
494 659 673 698 conquesta,
890 656 1013 697 Sponsa
1038 656 1124 689 volas
1148 655 1299 687 inoffense

258 703 305 733 Te
328 702 454 742 perpeti
476 702 624 734 iniuriam
934 703 988 734 Ad
1013 703 1121 742 sponsi
1145 702 1192 734 tui
1216 701 1339 741 faciem,

209 749 250 780 In
273 749 334 780 hoc
358 747 453 788 facto,
480 750 564 789 quod
588 750 728 782 athletae
890 749 982 782 Clare
1006 749 1177 789 splendens
1204 750 1353 781 coronata

213 795 310 827 Multi
333 796 536 828 mitterentur
560 805 638 836 prae
661 799 693 828 te
891 796 986 835 Quasi
1011 805 1084 828 rosa
1107 796 1209 828 liliata

258 842 312 874 Ad
336 843 449 874 summi
474 844 558 883 regis
584 844 712 875 curiam.
936 843 1025 874 Inter
1048 846 1229 875 sanctorum
1254 842 1364 875 aciem.

178 934 185 942 .
213 907 276 940 Gur
300 911 386 941 torta
408 909 616 941 incarceraris
833 910 862 941 6.
888 909 1033 941 Omnium
1057 917 1075 939 o
1100 917 1223 948 gemma
1248 916 1378 951 morum,

211 954 287 986 Sive
312 954 367 987 diu
391 956 539 997 alaparis,
889 954 983 987 Felix
1007 964 1097 987 soror
1121 956 1312 996 angelorum,

256 1002 342 1033 Hinc
364 1002 484 1034 bestias
507 1000 699 1041 mortiferas,
934 1001 1128 1033 'Dulcissima
1151 1002 1328 1042 virginitaS,

211 1048 320 1090 Rotas,
344 1048 433 1088 ignes
458 1049 586 1081 vincens
611 1058 693 1088 pura
888 1049 937 1081 Tu
961 1049 1082 1088 lampas
1108 1049 1319 1090 ecclesiarum,

211 1094 254 1126 Et
278 1104 414 1137 secures,
441 1104 518 1128 saxa
544 1097 633 1138 dura,
887 1096 959 1127 Lux
983 1098 1015 1126 et
1040 1095 1135 1127 decus
1160 1096 1345 1134 animarum,

260 1142 442 1182 sartagines
464 1142 627 1182 igniferas.
936 1142 982 1173 Te
1006 1145 1090 1174 amat
1114 1145 1223 1174 sancta
1244 1142 1380 1175 trinitas,

494 1209 524 1240 7.
550 1208 635 1241 Hinc
658 1218 678 1241 a
701 1216 793 1240 servo
817 1210 871 1239 tuo
897 1208 998 1240 diram

550 1254 647 1295 Impii
671 1257 779 1288 averte
801 1255 892 1295 iram,

600 1302 650 1334 Ne
675 1310 802 1343 peream
826 1301 1009 1342 perniciter,

552 1348 673 1389 Corpus
700 1352 830 1390 castum,
854 1357 908 1380 cor
933 1348 974 1380 da
997 1348 1158 1388 mundum,

557 1396 671 1430 Finem
696 1395 812 1428 bonum
837 1397 869 1427 et
891 1396 1073 1435 iucundum,

598 1443 644 1476 Ut
666 1443 770 1475 vivam
792 1445 865 1483 post
889 1442 1035 1476 feliciter.

218 1519 297 1547 Orat.
315 1527 371 1546 ms.
392 1517 578 1546 Carthusian.
598 1526 673 1545 saec.
697 1515 741 1545 15.
781 1516 849 1545 Cod.
871 1516 964 1553 Capit.
984 1516 1134 1544 Treviren.
1159 1514 1221 1544 116.

560 1647 624 1678 278.
654 1647 697 1678 De
717 1647 825 1678 saneta
846 1645 1028 1686 Euphemia.

182 1764 188 1771 .
210 1737 310 1777 Euge,
337 1735 415 1768 felix
438 1736 626 1778 Euphemia,
834 1737 865 1769 3.
890 1735 1048 1768 Bonitatis
1075 1734 1155 1766 cella

214 1783 264 1816 Sis
289 1783 453 1817 felicitatis
479 1783 530 1815 via
890 1782 1027 1814 Deitatis
1046 1782 1141 1813 mella

261 1830 362 1863 Nobis
386 1831 420 1862 in
445 1830 567 1870 exsilio,
938 1829 1039 1862 Nobis
1064 1829 1201 1868 impetra

215 1880 307 1919 Auge
331 1878 415 1909 vires
440 1880 568 1910 nostrae
592 1878 661 1917 spei
891 1877 942 1909 De
965 1879 1058 1916 petra
1084 1875 1212 1918 deserti,

215 1926 273 1964 Qui
298 1926 332 1958 in
353 1925 460 1957 multis
486 1933 591 1957 sumus
616 1925 673 1965 rei,
891 1925 954 1957 Hic
978 1932 1083 1955 sumus
1107 1923 1231 1965 incerti,

262 1974 309 2007 Ut
332 1973 366 2005 in
391 1971 498 2005 futuro
523 1972 649 2004 saeculo
939 1971 989 2002 Tu
1012 1979 1069 2003 nos
1092 1970 1218 2003 adiuva.

261 2021 434 2062 Iungamur
456 2019 519 2052 Dei
542 2019 619 2053 filio.

181 2115 188 2123 .
213 2087 395 2123 Pudicitiae
418 2086 569 2130 columna,
835 2088 868 2120 4.
894 2085 1081 2126 Euphemia,
1109 2084 1206 2116 corde
1229 2085 1349 2116 maesto

213 2136 280 2169 Dos
306 2135 432 2168 virtutis
458 2136 490 2165 et
513 2134 649 2174 alumna,
893 2133 940 2165 Te
959 2133 1128 2164 vocantum
1152 2139 1272 2163 memor
1296 2134 1373 2175 esto,

261 2183 363 2216 Stella
387 2181 512 2223 fulgens
537 2181 667 2222 gloriae,
940 2179 1083 2212 Vernaus
1108 2177 1166 2211 flos
1191 2178 1375 2219 munditiae,

213 2231 277 2264 Ora
301 2231 404 2263 Deum
428 2233 464 2262 tu
489 2230 602 2262 devote
894 2226 995 2261 Nobis
1024 2230 1128 2259 tecum
1153 2227 1196 2259 sit
1221 2235 1345 2266 corona,

213 2279 277 2312 Pro
301 2277 404 2318 nobis,
430 2280 466 2310 ut
488 2280 595 2310 mente
615 2279 702 2310 totae
894 2277 972 2310 Cum
995 2274 1096 2308 beatis
1121 2274 1212 2308 nobis
1238 2275 1330 2317 dona,

257 2326 434 2358 Deleantur
459 2325 592 2359 scoriae.
941 2323 1078 2365 Christe,
1103 2323 1213 2355 sedem
1237 2321 1366 2361 gloriae.

216 2401 298 2429 Orat.
318 2409 370 2429 me.
392 2400 577 2432 Canthusian.
599 2408 674 2428 saec.
698 2397 741 2428 15.
782 2399 851 2428 Cod.
874 2398 967 2436 Capit.
987 2398 1138 2426 Treviren.
1161 2395 1224 2425 116.

197 2453 280 2477 nium
288 2459 313 2481 e,
328 2452 373 2476 Pia
385 2451 530 2475 Dietamina.
1240 2443 1275 2473 10
