1655 2573
693 110 925 147 —23..

167 228 197 241 ..
224 207 304 246 Ave,
332 207 426 240 dator
450 207 612 249 scientiae,
841 209 876 243 4,
900 208 979 251 Ave,
1006 207 1099 239 luxus
1125 205 1325 249 exstirpator,

223 254 351 287 Infusor
375 256 562 296 sapientiae,
900 254 1008 286 Animi
1033 253 1252 294 fructificator,

222 302 331 334 Robur
355 303 439 334 hosti
462 302 633 335 resistendi
901 302 994 333 Nunc
1017 301 1155 333 accende
1179 300 1233 333 hic
1256 299 1417 338 affectum,

223 348 275 381 Da
300 351 330 380 et
356 358 445 382 arma
469 350 698 389 triumphandi.
901 348 972 381 Duc
996 356 1046 380 me
1070 349 1116 380 tui
1140 348 1182 380 ad
1206 349 1378 387 aspectum.

637 484 682 516 14.
713 484 820 516 oratio
842 485 968 522 Quarta.

193 590 199 597 .
226 565 306 607 Ave,
333 568 456 597 creator
481 564 623 605 spiritus,
846 565 878 597 3.
903 564 986 603 Ave,
1012 563 1163 603 splendor
1188 562 1355 601 claritatis,

224 611 394 643 Illustrans
420 611 517 643 corda
542 611 684 648 caelitus,
901 609 988 641 Deus
1014 617 1153 641 summae
1176 609 1360 648 maiestatis,

224 658 274 689 Tu
302 657 453 698 magister
477 657 631 698 veritatis,
903 656 1031 688 Clarum
1054 658 1185 694 praesta
1207 655 1403 687 intellectum

224 705 314 736 Pelle
338 705 460 738 hostem
485 703 644 736 falsitatis.
901 702 946 734 Et
967 702 1089 734 timoris
1117 702 1157 734 da
1180 700 1368 741 profectum.

192 794 199 802 .
225 771 305 811 Ave,
332 770 386 802 lux
411 772 446 801 tu
471 769 649 808 benedicta,
843 770 876 801 4.
901 768 981 807 Ave,
1009 766 1150 799 can'tatis
1175 767 1266 807 ignis,

224 817 344 849 Nostra
366 826 470 857 purga
492 816 547 848 hic
571 816 688 847 delicta
901 815 999 847 Iustis
1028 814 1102 847 veni
1124 816 1158 845 et
1180 813 1337 856 benignis,

224 864 269 895 Et
293 872 442 896 succurre
465 863 499 895 in
526 863 644 902 dolore,
902 862 970 895 Ure
994 861 1104 893 sordes
1127 861 1307 901 pravitatis,

226 910 276 942 Sis
301 910 446 943 iuvamen
471 910 504 941 in
527 909 648 942 labore.
902 908 1021 940 Locum
1048 908 1087 939 da
1110 907 1318 940 aeternitatis,

561 975 767 1014 Omnipotens
789 983 807 1006 o
832 975 915 1006 alme
938 974 1036 1017 Deus,

560 1022 621 1063 Da,
648 1021 730 1061 quod
756 1023 830 1061 peto
855 1031 874 1052 a
898 1023 931 1052 te
955 1029 1037 1055 reus.

638 1158 680 1189 15.
714 1157 819 1189 oratio
841 1157 963 1194 Quinta.

192 1267 198 1274 ‚
224 1239 304 1280 Ave,
328 1246 467 1277 pneuma
488 1240 524 1268 tu
548 1239 716 1277 sacratum,
842 1239 874 1270 3.
900 1238 981 1278 Ave,
1009 1246 1072 1269 vox
1096 1238 1320 1279 apostolorum,

222 1283 352 1318 Calefac
381 1293 436 1316 cor
460 1282 655 1324 stigmatum,
898 1283 1009 1315 Dulcis
1035 1285 1150 1323 hospes
1177 1282 1400 1325 confessorum,

221 1332 312 1372 Fuga
336 1331 480 1363 umbram
506 1331 665 1372 vanitatis,
900 1331 1082 1369 Martyrum
1112 1339 1145 1362 es
1170 1331 1338 1362 roborator

222 1379 328 1411 Vitam
353 1381 482 1418 praesta
505 1378 692 1412 sanctitatis.
897 1377 942 1408 Et
968 1377 1130 1409 doctorum
1155 1376 1353 1409 informator.

187 1471 194 1478 .
220 1445 300 1485 Ave,
329 1443 408 1476 caeli
434 1446 469 1476 tu
493 1442 654 1481 fundator,
838 1445 870 1477 4.
895 1443 976 1480 Ave‚
1001 1443 1054 1482 pie
1079 1442 1262 1482 retributor,

221 1491 417 1532 Angelorum
443 1490 654 1529 confirmator,
898 1489 949 1521 Tu
973 1489 1090 1530 ubique
1113 1490 1156 1521 sis
1181 1489 1317 1532 adiutor,

219 1539 398 1578 Inspirator
428 1538 655 1578 prophetarum
897 1536 1024 1568 Meritis
1045 1538 1081 1568 ut
1101 1537 1331 1575 adcrescamus‚

220 1585 265 1618 Et
289 1588 445 1617 castarum
470 1585 658 1626 puellarum.
898 1584 1027 1616 Caelum
1049 1586 1084 1615 ut
1108 1584 1336 1624 possideamus

561 1650 766 1691 Omnipotens
794 1660 812 1682 o
836 1650 920 1682 alme
942 1650 1040 1690 Dens,

556 1698 617 1738 Da,
644 1698 728 1738 quod
752 1700 826 1738 peto
851 1707 871 1729 a
894 1699 928 1728 te
951 1705 1034 1731 reuS.

648 1835 688 1867 16.
719 1834 825 1867 Oratio
846 1835 951 1867 Sexta.

186 1941 193 1948 .
219 1918 300 1961 Ave,
325 1918 360 1948 tu
383 1916 587 1956 benignitatis
841 1917 872 1950 3.
898 1915 979 1958 Ave,
1004 1916 1091 1948 vitae
1114 1920 1342 1960 ornamentum,

218 1964 357 2005 Spiritus
384 1966 416 1996 et
442 1963 579 2002 deitatis,
897 1963 1004 1995 Omnis
1029 1963 1104 1995 boni
1129 1962 1381 2006 fundamentum,

218 2012 287 2045 Fac
310 2020 368 2044 nos
393 2019 468 2043 vere
492 2011 628 2043 adorare
897 2010 946 2041 Tu
973 2018 1005 2042 es
1030 2011 1145 2043 donum
1170 2010 1352 2053 gloriosum,

216 2059 321 2093 Deum
344 2062 378 2090 et
400 2057 589 2099 glorificare.
894 2057 1027 2090 Nullum
1049 2058 1097 2089 ita
1119 2059 1304 2098 pretiosum,

182 2152 190 2160 .
216 2126 296 2165 Ave,
322 2127 432 2157 sancte
455 2127 684 2166 perscrutator,
841 2126 872 2158 4.
898 2124 979 2168 Ave,
1005 2124 1117 2156 doctor
1138 2127 1174 2156 tu
1198 2124 1332 2164 subtilis,

216 2173 415 2206 secretorum
440 2173 610 2214 revelator,
895 2171 985 2205 Doce
1007 2181 1068 2213 me,
1094 2173 1237 2212 quamvis
1262 2173 1321 2205 sim
1346 2172 1429 2216 viliS,

213 2222 302 2254 Leva
325 2221 368 2253 ad
392 2229 530 2261 superna
550 2223 684 2261 mentes,
895 2219 972 2252 Vias
995 2220 1081 2252 vitae
1104 2219 1268 2253 ambulare

217 2269 263 2303 Ut
287 2269 352 2301 sint
373 2268 441 2301 illic
464 2268 669 2309 quiescentes.
895 2266 940 2300 Et
961 2267 1063 2299 beatis
1090 2276 1289 2309 corregnare.

555 2325 761 2366 Omnipotens
787 2334 806 2357 0
831 2324 914 2356 alme
937 2324 1037 2364 Deus,

551 2372 613 2417 Da,
641 2372 725 2414 quod
751 2375 826 2412 peto
851 2381 872 2404 a
896 2375 928 2404 te
952 2380 1035 2409 reus,
