1655 2573
636 101 868 140 -43ss

117 197 148 231 3.
176 195 338 239 Gaude,
366 199 469 232 victor
492 200 580 233 dirae
603 201 722 243 mortis,

173 245 398 286 Propugnator
428 250 494 279 esto
519 246 611 280 fortis

178 291 299 324 Contra
323 295 436 325 cuncta
458 295 611 338 nocitura,

177 339 300 372 Pronus
325 340 369 372 sis
394 340 429 372 in
453 341 538 373 omni
562 350 647 374 cura.

794 202 825 235 4.

852 202 973 241 Vale,
1000 203 1054 233 tua
1078 210 1150 233 cum
1178 199 1314 242 cohorte,

853 248 877 280 O
902 247 1064 291 Eustachi,
1090 248 1145 288 pia
1168 251 1263 289 sorte,

851 295 948 334 Quam
974 295 1092 334 petisti,
1121 294 1174 326 fac
1197 295 1302 334 potiri,

852 341 921 373 Deo
945 350 1070 381 semper
1097 343 1138 373 da
1160 342 1255 374 uniri.

430 448 478 481 89.
509 449 554 481 Ad
574 451 714 481 sanctum
732 448 939 490 Augustinum
958 449 1071 480 oratio.

116 519 147 550 1.
174 517 282 560 Ave,
311 518 422 550 doctor
441 518 627 560 Augustine‚

175 563 345 603 Splendor,
372 573 437 606 oro,
460 563 531 596 fons
559 565 674 608 divine,

177 610 308 642 Plenum
335 620 388 643 vas
412 612 457 642 sis
482 611 656 643 medicinae

173 657 243 700 His,
251 665 327 696 quos
336 657 447 696 culpae
454 660 597 698 pungunt
602 658 721 697 spinae.

116 715 150 745 2.
178 713 304 746 Salve
318 739 326 755 ‚
352 713 481 753 praesul
505 714 676 756 laureatus,

174 759 324 792 Trinitati
350 769 469 792 summe
493 763 611 801 gratus,

172 805 276 838 Fonte
300 807 384 840 vitae
407 807 470 839 iam
494 810 630 847 potatus,

176 852 229 885 Da
254 852 364 886 felices
386 854 552 888 incolatus,

797 520 828 551 3.

795 714 826 746 4.

855 518 1018 559 Gaude,
1044 519 1105 550 Dei
1132 520 1368 559 contemplator,

851 565 1003 597 Veritatis
1034 566 1229 609 explanator,

854 611 962 642 Novae
986 612 1064 651 legis
1086 615 1312 652 propugnator,

851 658 1002 689 Haeresis
1028 661 1058 689 et
1083 663 1289 699 expugnator.

854 713 972 752 Vale,
1000 713 1085 745 clara
1108 714 1163 745 lux
1187 715 1343 757 polorum,

854 759 979 792 Sertum
1003 760 1109 792 ferens
1134 761 1325 801 angelorum,

854 807 947 839 Stilla
972 806 1061 839 nobis
1084 807 1146 839 mel
1172 809 1328 840 caelorum

854 853 899 886 Et
923 852 974 886 fac
998 862 1054 886 nos
1080 854 1164 887 cives
1189 859 1378 889 sanctorum.

476 952 523 985 90.
552 952 659 984 Oratio
679 952 814 983 secunda
835 951 875 983 ad
896 951 1032 984 eundem.

126 1023 157 1055 1.
183 1023 292 1062 Ave,
320 1022 397 1053 civis
423 1025 456 1053 tu
482 1022 636 1062 caelestis,
799 1023 829 1054 3.

178 1069 245 1102 Fer
269 1068 407 1101 solamen
434 1068 525 1101 nobis
547 1069 684 1111 maestis,

177 1115 223 1148 Ut
246 1125 304 1147 nos
328 1119 421 1147 ornet
445 1116 526 1148 caeli
550 1116 659 1154 vestis,

174 1162 285 1194 Hostis
309 1171 350 1194 ne
374 1171 431 1194 nos
456 1165 567 1202 tangat
589 1163 702 1202 pestis.

122 1221 153 1251 2.
180 1219 326 1260 Salve,
352 1219 458 1258 aquila
481 1220 605 1258 solaris,
799 1220 833 1252 4.

179 1265 248 1298 Tua
277 1274 365 1297 mens
389 1269 423 1297 ut
448 1265 565 1297 fundus
585 1266 692 1306 maris,

180 1312 312 1344 Trinum
336 1321 431 1344 unum
456 1315 491 1344 tu
515 1312 650 1353 rimaris,

180 1358 265 1391 Hinc
288 1360 456 1399 Zeraphim
482 1359 639 1392 similaris.

858 1021 886 1053 Gr
895 1032 914 1053 a
922 1032 943 1053 u
954 1023 973 1054 d
984 1031 1001 1053 e
1010 1047 1018 1062 ,
1046 1024 1141 1054 decus
1168 1022 1390 1063 confessorum,

857 1069 906 1100 Tu
930 1078 1094 1110 supremus
1121 1079 1153 1101 es
1180 1070 1352 1102 doctorum.

859 1115 959 1148 Serva
982 1124 1107 1156 gregem
1134 1117 1320 1149 miserorum

858 1163 887 1194 A
911 1163 1004 1195 ruina
1029 1163 1256 1196 damnatorum.

860 1218 981 1260 Vale,
1005 1221 1133 1259 praesul
1156 1220 1371 1259 Hipponensis

861 1263 945 1297 Civis
972 1269 1003 1297 et
1027 1266 1294 1309 Carthaginensis‚

857 1312 933 1344 Tuis
963 1312 1026 1344 frui
1054 1314 1095 1345 da
1120 1314 1264 1353 expensis

857 1358 901 1391 Et
921 1368 978 1391 nos
996 1360 1090 1400 iunge
1115 1361 1194 1392 caeli
1218 1361 1344 1394 mensis,

520 1458 560 1490 91.
590 1458 637 1490 Aa
656 1458 797 1489 sanctum
820 1457 1009 1497 Gregorium.

122 1530 151 1561 1.
177 1529 281 1570 Ave,
309 1530 418 1560 sancte
442 1530 476 1559 tu
502 1527 646 1568 Gregori,

180 1575 306 1607 Summo
332 1576 440 1615 places
465 1575 610 1614 creatori,

178 1622 305 1655 Laudes
329 1631 425 1662 posce
448 1624 556 1654 nostro
582 1622 639 1662 ori,

179 1670 263 1708 Quas
287 1670 459 1709 psallamus
484 1669 689 1710 redemptori.

122 1728 154 1760 2.
179 1726 321 1769 Salve,
354 1726 505 1766 princeps
532 1725 726 1764 elericorum,

181 1774 277 1806 Ortus
300 1773 402 1813 stirpe
424 1776 612 1815 senatorum,

179 1820 251 1852 Duc
273 1820 307 1851 in
332 1822 414 1852 viam
438 1824 559 1852 rectam
578 1824 711 1860 morum,

180 1867 300 1900 Claude
323 1870 434 1908 portas
459 1866 643 1900 inferorum.

797 1529 828 1560 3.

798 1728 830 1759 4.

856 1527 1017 1568 Gaude,
1045 1528 1156 1560 doctor
1179 1529 1334 1567 veritatis,

855 1575 944 1607 Scire
970 1575 1011 1607 da
1035 1574 1223 1607 humilitatis

855 1621 990 1662 Donum,
1017 1621 1128 1654 confer
1153 1623 1293 1655 caritatis

851 1668 896 1701 Et
920 1669 1089 1702 candorem
1114 1671 1273 1709 puritatis.

856 1726 977 1768 Vale,
1005 1726 1100 1759 stella
1123 1727 1285 1770 matutina,

854 1775 1066 1813 Aegrotorum
1088 1774 1256 1814 medicina,

856 1820 908 1852 Da
927 1823 964 1851 ut
986 1824 1092 1853 mente
1116 1821 1295 1854 columbina

856 1867 1026 1900 Evolemus
1052 1869 1094 1901 ad
1120 1869 1237 1901 divina.

476 1967 523 1999 92.
557 1967 662 1999 Oratio
682 1967 816 1999 secunda
837 1968 877 1999 ad
897 1967 1036 1999 eundem.

125 2031 155 2062 1.
182 2030 287 2070 Ave,
313 2032 424 2071 pastor
445 2029 642 2071 miserorum,

182 2077 283 2109 Pasce
307 2084 433 2117 gregem
460 2076 645 2108 clericorum

183 2124 270 2157 Cibis
295 2125 394 2156 sacris
419 2124 600 2164 angelorum

182 2171 227 2204 Et
253 2173 294 2204 da
315 2172 424 2204 vinum
450 2172 631 2205 electorum.

121 2231 153 2263 2.
179 2229 280 2262 Salv
292 2238 325 2270 e,
350 2229 436 2261 mitis
459 2228 494 2261 in
518 2227 662 2270 flagellis,
803 2231 835 2262 4.

182 2276 233 2308 Ne
256 2285 434 2318 mergamur
458 2278 492 2309 in
515 2276 675 2320 procellis,

178 2324 231 2360 Da
253 2325 403 2358 virtutem
427 2325 461 2357 in
487 2323 612 2365 duellis,

177 2372 262 2405 Dum
288 2372 453 2413 impugnat
479 2371 667 2411 versipellis,

802 2030 833 2063 3.

862 2028 1005 2061 Gaude
1028 2032 1073 2068 tu,
1101 2029 1154 2068 qui
1178 2030 1346 2069 suscepisti

859 2077 964 2109 Iesum
982 2075 1151 2114 Christum,
1176 2086 1266 2117 quem
1290 2078 1410 2122 vidisti,

860 2124 943 2156 Dum
968 2132 1081 2165 egenos
1108 2124 1273 2167 collegisti,

861 2171 961 2205 Serva
985 2180 1042 2204 nos
1067 2181 1087 2203 a
1110 2170 1195 2204 fame
1219 2173 1314 2205 tristi.

862 2227 983 2269 Vale,
1012 2229 1107 2261 decor
1133 2230 1299 2272 clericalis,

861 2276 940 2309 Esto
969 2276 1062 2309 nobis
1087 2276 1241 2316 liberalis,

860 2325 906 2357 Ut
930 2333 1046 2356 corona
1068 2324 1269 2364 triumphalis

860 2371 963 2404 Nobis
987 2371 1136 2411 deturet
1156 2372 1287 2412 regalis.
