1655 2573
619 89 852 125 -29-

128 210 134 216 .
162 184 352 228 Gaudete,
373 186 483 218 mundi
492 184 707 229 fundamenta,
779 188 810 220 4.
838 187 914 219 Va]
924 189 1006 230 ete,
1022 187 1123 219 sancti
1136 195 1219 219 nunc
1230 190 1386 227 potentes,

162 231 316 264 Gerentes
342 233 460 265 Christi
486 234 679 277 documenta,
836 233 900 266 Vos
925 236 1060 266 maestos
1086 234 1154 266 sitis
1178 234 1387 276 consolantes,

163 280 260 312 Orate
288 280 379 312 nobis
405 281 489 312 vitae
514 280 661 324 fructum,
837 281 890 313 Aa
906 284 1033 320 portum
1053 281 1132 313 caeli
1148 290 1205 313 nos
1225 281 1385 320 ducentes,

159 325 296 358 Auferte
320 327 420 359 omnis
444 328 521 360 mali
545 328 674 362 luctum.
837 328 970 367 Semper
987 337 1055 360 cum
1069 328 1136 360 Deo
1155 331 1385 368 permanentes

587 428 633 459 34.
663 427 708 459 Ati
728 428 893 466 Martyres.

128 513 135 520 .
160 488 311 527 Avete‚
338 489 438 520 sancti
466 489 615 526 coronati,
783 491 813 521 3.
841 488 1030 530 Gaudete,
1057 498 1112 520 vos
1129 488 1385 527 triumphatores,

163 535 228 566 Vos
249 529 409 576 'martyres
431 534 500 567 Deo
525 536 650 573 sacrati,
841 534 1004 567 Calc-antes
1029 535 1137 568 mundi
1160 535 1214 567 hic
1232 536 1376 576 honores,

161 582 200 614 111
225 581 306 613 albis
330 581 420 613 stolis
445 582 621 624 rutilantes,
839 582 999 614 Virtutum
1030 582 1112 614 dona
1136 585 1273 624 exorate,

162 629 241 660 Post,
248 636 361 667 agnum
371 628 566 660 rubraveste
576 631 708 661 stantes.
836 629 998 661 Honorem
1025 629 1106 660 caeli
1127 627 1279 667 flagitate.

129 710 135 717 .
162 684 355 721 salvete,
380 683 500 717 Christi
515 684 584 715 veri
599 686 709 724 testes,
779 686 811 716 4.
836 683 1008 724 Valete,
1033 687 1139 716 terrae
1157 686 1388 723 contemptores

161 731 331 763 Gestantes
356 731 511 763 claritatis
534 734 648 773 vestes,
839 731 882 763 Et
905 732 1018 763 summi
1042 731 1117 763 boni
1141 734 1307 773 amatores,

161 777 340 818 Splendor-e
362 777 425 809 Dei
450 779 604 820 exornati,
842 780 904 811 Pro
928 777 1038 818 poenis
1064 786 1149 810 nunc
1172 777 1351 817 glorificati,

160 825 340 857 Dulcedine
367 824 527 857 inebriati.
842 826 947 867 Orate,
972 828 1009 856 ut
1031 826 1129 856 simus
1153 825 1249 857 beati.

445 915 492 946 35.
522 915 565 946 De
585 923 643 946 uno
664 915 805 954 Martyre
824 916 857 946 in
878 914 1035 946 communi.

131 1000 138 1007 .
165 977 269 1015 Ave,
288 977 411 1014 martyr
427 979 462 1006 tu
478 975 646 1015 impollens
657 972 707 1017 (1),
782 977 813 1008 3.
841 975 1002 1014 Gaude,
1027 975 1128 1006 victor
1153 978 1187 1006 tu
1211 975 1356 1013 insignis,

161 1023 292 1055 Crucem
312 1022 430 1054 Christi
458 1022 559 1053 diram
584 1022 708 1060 tollens,
841 1022 973 1062 Protege
998 1030 1054 1053 nos
1080 1030 1099 1052 a
1123 1021 1279 1061 malignis,

160 1068 242 1100 Fide
266 1072 355 1101 recta
380 1073 413 1100 tu
439 1068 568 1101 certasti
839 1071 952 1101 Artam
977 1069 1060 1100 viam
1087 1068 1126 1100 da
1150 1069 1266 1100 sectari

160 1116 205 1147 Et
227 1118 385 1148 tormenta
410 1117 577 1156 superasti.
838 1116 883 1148 Et
904 1119 937 1147 te
959 1118 1101 1147 sanctum
1125 1115 1251 1147 imitari.

129 1198 135 1204 .
163 1172 309 1213 Salve,
336 1172 423 1212 pugil
448 1172 500 1204 hic
524 1175 673 1209 armatus,
781 1175 812 1207 4.
840 1173 959 1212 Vale,
986 1175 1107 1212 martyr
1131 1172 1326 1215 sublimatus,

159 1220 257 1252 Duris
281 1219 393 1259 poenis
418 1228 481 1251 non
505 1222 694 1259 prostratuS,
838 1220 942 1259 Digne
965 1219 1058 1252 modo
1085 1222 1259 1261 coronatuS,

160 1266 212 1298 Da
234 1266 353 1299 virtute
377 1275 434 1298 nos
457 1275 600 1306 pugnare
840 1267 891 1298 Da
917 1275 985 1298 cum
1008 1267 1076 1298 Deo
1102 1266 1264 1297 ambulare

167 1313 252 1345 Vitia
276 1316 307 1345 et
324 1321 484 1353 superare.
840 1313 885 1345 Et
909 1323 978 1345 cum
1004 1313 1120 1345 sanct-is
1145 1312 1300 1344 habitare.

571 1402 616 1433 36.
647 1402 693 1434 Aa
713 1402 917 1435 confessores.

125 1490 132 1497 .
159 1465 315 1505 Avete,
342 1464 446 1495 sancti
474 1462 681 1504 confessores,
782 1466 812 1497 3.
842 1464 1031 1502 Gaudete,
1058 1463 1177 1496 Christi
1194 1463 1386 1502 sacerdotes,

165 1510 301 1543 Sanctae
325 1509 401 1543 fidei
429 1509 623 1549 defensores,
841 1512 938 1544 Orate
958 1511 1048 1543 nobis
1074 1510 1135 1543 Dei
1162 1511 1262 1552 dotes,

160 1558 336 1590 Praecones
361 1567 501 1590 summae
524 1558 679 1600 veritatis,
837 1558 881 1591 Ut
905 1557 1074 1590 floreamus
1099 1559 1181 1589 omni
1210 1558 1301 1598 dono,

159 1605 307 1637 Virentes
332 1603 412 1637 flore
435 1606 587 1638 caritatis.
837 1606 1000 1638 Habentes
1014 1614 1102 1645 spem
1117 1606 1156 1637 <le
1165 1614 1285 1637 summo
1294 1604 1387 1636 bono.

101 1669 131 1696 “.
158 1662 330 1700 Salvete‚
356 1662 467 1694 mundi
491 1671 546 1694 vos
565 1662 710 1694 doctores
781 1665 813 1695 4.
841 1663 1008 1702 Valete‚
1035 1662 1098 1695 Dei
1120 1662 1314 1700 laudatores,

161 1709 207 1742 Et
232 1710 329 1741 eremi
353 1713 461 1741 vastae
488 1709 634 1750 cultores,
838 1710 932 1742 Nunc
954 1710 1027 1742 date
1043 1719 1164 1741 morum
1182 1710 1266 1741 vitae
1282 1707 1387 1748 fiores,

164 1757 201 1790 In
226 1756 289 1788 Dei
315 1757 400 1788 cultu
423 1755 585 1794 floruistis,
839 1759 886 1791 Ut
908 1758 977 1789 Deo
1003 1766 1129 1797 semper
1151 1758 1334 1797 placeamus

160 1804 336 1836 Labentem
345 1805 498 1836 mundum
509 1804 709 1844 despexistis.
837 1805 882 1837 Et.
905 1814 1036 1845 regnum
1062 1805 1121 1837 Dei
1145 1804 1327 1838 habeamus

506 1894 551 1926 37.
582 1895 628 1927 Ad
646 1904 739 1927 unum
759 1896 977 1929 confessorem.

127 1979 134 1985 .
162 1958 267 1999 Ave,
293 1955 336 1996 N,
363 1954 524 1988 confessor
546 1956 638 1999 bone,
782 1959 813 1992 3.
840 1957 1005 1997 Gaude,
1033 1956 1127 1989 fortis
1151 1960 1187 1989 tu
1212 1959 1361 1996 certator,

160 2005 267 2037 Iustus
294 2005 428 2043 propter
452 2012 542 2045 spem
565 2012 708 2046 coronae,
839 2005 948 2037 Omnis
973 2014 1099 2046 pugnae
1122 2005 1346 2045 triumphator,

159 2051 210 2083 Tu
232 2049 338 2083 fidelis
361 2051 572 2091 dispensator,
838 2052 979 2085 Laudem
1005 2052 1067 2084 Dei
1092 2052 1250 2092 exaltasti,

159 2100 199 2131 In
224 2099 398 2130 commissis
423 2102 579 2139 erogator.
838 2099 884 2133 Te
907 2100 949 2131 da
972 2100 1072 2139 sequi,
1098 2109 1157 2140 quo
1183 2101 1308 2134 volasti.

124 2183 130 2190 .
160 2156 306 2197 Salve,
331 2156 474 2196 prudens
497 2156 531 2187 in
554 2156 674 2199 labore,
776 2159 807 2191 4.
835 2157 953 2201 Vale,
1001 2166 1103 2198 serve,
1129 2157 1183 2198 qui
1206 2158 1294 2190 ivisti

158 2203 309 2235 chtum
342 2212 474 2243 sperans
499 2213 557 2244 pro
580 2205 706 2245 sudore,
837 2205 930 2237 Nunc
946 2205 989 2237 ad
1004 2214 1147 2237 mensam
1164 2205 1238 2237 Iesu
1255 2206 1387 2247 Christi,

158 2250 284 2285 Merces
317 2252 416 2283 multa
443 2254 491 2282 est
514 2260 598 2283 nunc
622 2252 708 2292 data,
835 2252 886 2285 Da
910 2262 967 2285 nos
991 2255 1095 2284 tecum
1118 2254 1258 2285 saturari

157 2298 261 2340 Supra
286 2299 413 2332 modum
439 2308 532 2338 quam
556 2302 694 2339 sperata.
835 2299 879 2332 Et
903 2300 936 2332 111
961 2309 1071 2332 aevum
1099 2301 1297 2335 commorari.

495 2356 519 2389 Ο
550 2359 675 2390 creator
700 2365 812 2396 preces
836 2357 913 2389 audi
937 2358 997 2391 etc.
