1655 2573
240 227 271 259 9.

219 607 272 640 10.

215 988 267 1021 11.

298 223 439 260 Guiusvis
462 224 510 256 rei
534 224 694 256 schemata

295 272 337 305 Hi
363 274 477 304 norant
500 275 533 302 et
555 272 704 309 aromata,

294 320 345 351 Ex
371 319 483 359 quibus
506 317 711 359 thymiamata

343 365 526 397 suavissimi
551 364 656 395 odoris

296 411 495 446 Conficienda
519 410 655 449 fuerant,

298 459 366 490 Has
389 461 474 489 artes
497 460 534 488 ut
558 457 729 487 docuerant

295 505 339 536 Et
362 504 459 535 artius
482 503 668 535 invenerant

341 551 513 582 Instinctus
539 548 701 581 creatoris

300 604 435 640 Ornatus
460 605 631 637 habitaculi

297 655 371 687 Cum
398 661 471 684 arca
495 651 690 684 tabernaculi

297 700 447 732 Sollertes
470 699 504 730 hi
528 698 689 731 vernaculi

345 745 572 778 Candelabrum
599 748 630 776 et
654 752 740 776 aram

296 794 374 826 Cum
400 792 567 825 Cherubim
591 791 748 823 velamina

294 840 337 872 Et
361 839 444 871 vasis
469 839 508 870 ad
532 838 682 870 libamina

294 886 345 918 Ex
370 886 438 917 auri
463 883 601 917 formant
623 884 750 923 lamina,

342 930 505 964 Pontificis
531 933 653 970 tiaram,

294 986 453 1022 Lucerna-s
479 988 681 1026 emunctoria,

297 1035 382 1073 Quae
403 1034 490 1066 nulla
514 1034 618 1066 fuscat
640 1035 751 1075 scoria,

297 1082 372 1113 Cum
397 1081 525 1112 bas1bus
550 1082 686 1112 tentoria

342 1127 391 1158 De
413 1136 564 1168 purpura,
589 1128 746 1159 iacinctho

298 1175 372 1206 Cum
399 1175 494 1213 ephot
517 1177 619 1205 vestes
644 1175 732 1206 vario

293 1221 343 1252 Ex
367 1228 462 1260 opere
486 1221 640 1259 plumario

294 1267 369 1299 Ritu
389 1267 590 1307 polymitario

342 1313 398 1346 Bis
423 1322 514 1346 cocco
540 1322 662 1354 quoque
685 1314 792 1347 tincto.

747 1153 756 1171 7

247 1378 274 1403 '.
299 1368 362 1402 Ast
385 1370 440 1400 alii
465 1369 630 1401 durissimo

295 1416 438 1455 Saxoque
464 1416 503 1446 de
525 1415 703 1448 firmissimo

296 1462 363 1493 Mel
381 1462 523 1501 lapidum
546 1462 712 1501 purissimo

344 1507 420 1539 Gum
445 1508 513 1539 oleo
536 1512 698 1542 suxerunt.

294 1554 343 1586 De
367 1555 436 1585 istis
461 1555 536 1593 quid
558 1555 628 1594 plus
652 1554 798 1595 referam,

298 1601 356 1633 Vel
381 1602 423 1633 ad
444 1601 519 1640 quid
535 1602 628 1641 plura
643 1601 813 1641 proferam,

297 1647 373 1679 Cum
397 1648 441 1679 nil
471 1651 608 1687 egissent
630 1657 798 1688 perperam

341 1695 379 1727 In
392 1694 452 1734 his,
470 1703 550 1733 quae
563 1698 813 1730 construxerunt.

239 1850 246 1857 .
272 1821 393 1857 Mariae
415 1825 525 1856 laudes
551 1827 581 1857 et
605 1825 763 1868 honorem,

270 1872 424 1903 Virtutem
450 1872 542 1903 simul
570 1874 601 1902 ct
627 1872 771 1904 decorem

271 1918 530 1958 virginitatisque
554 1919 707 1958 pudorem

316 1965 361 1997 Et
383 1973 486 1997 mores
512 1974 581 1997 cum
604 1966 765 1998 ornatibus

269 2011 412 2043 Diversis
437 2012 538 2043 modis
563 2021 603 2044 ac
627 2013 773 2045 discretis

270 2058 348 2090 Tam
354 2059 545 2097 patriarchis
553 2068 645 2099 quam
649 2061 813 2099 prophetis

271 2104 509 2144 Praetypicatos
532 2106 566 2137 in
591 2107 721 2139 secretis

318 2152 466 2183 Obscuris
492 2154 729 2192 aenigmatibus

239 2275 246 2284 .
273 2251 401 2287 Excelsi
425 2254 508 2294 regis
532 2257 634 2286 mater
658 2258 742 2296 nata,

272 2301 324 2333 Ab
349 2300 432 2333 intus
457 2302 589 2341 pulchre
614 2302 763 2334 deaurata

270 2348 315 2380 Et
337 2348 434 2380 variis
456 2350 686 2388 praedecorata

319 2396 502 2435 scripturae
527 2405 595 2427 cum
619 2396 797 2440 monilibus,

815 127 884 162 186
930 144 973 150 -

888 220 930 253 13

888 603 941 636 14.

889 987 941 1020 15.

886 1369 940 1402 16.

817 1772 862 1804 II.

883 2025 913 2057 3.

934 247 941 254 .
968 217 1032 253 Sed
1059 227 1125 259 ego,
1151 227 1221 250 cnm
1245 217 1305 249 sim
1328 216 1444 255 luteus,

968 267 1013 299 Et
1030 274 1140 297 sensus
1161 265 1238 297 mihi
1255 264 1396 304 bruteuS,

969 313 1018 345 Sit
1042 313 1125 344 altus
1150 320 1273 352 quoque
1296 313 1410 351 puteus

1014 359 1084 391 Nec
1107 368 1163 390 vas
1190 359 1231 391 ad
1255 357 1476 395 hauriendum,

969 408 1030 439 Pro
1056 406 1208 438 facultate
1231 404 1380 446 pennula,

964 453 1050 485 Hinc
1074 461 1151 485 voce
1175 455 1248 492 peto
1273 452 1419 491 tremula,

969 501 1014 534 Ut
1038 500 1146 541 lingua
1169 502 1282 539 parcat
1306 498 1433 531 aemula

1013 547 1165 585 Prompto
1190 546 1231 579 ad
1258 545 1488 585 corrigendum.

969 601 1150 637 Thesaurus
1174 603 1236 634 heu
1261 601 1422 643 scientiae,

966 652 1141 690 Argentum
1167 649 1365 689 eloquentiae

966 697 1012 729 Et
1035 706 1145 729 aurum
1167 696 1343 736 sapientiae

1012 743 1050 775 In
1077 743 1181 776 cordis
1206 744 1269 775 mei
1293 745 1404 782 sporta

966 789 1135 828 Deficiunt,
1161 790 1313 822 habilitas

965 836 1137 877 Lignorum
1164 840 1196 868 et
1219 836 1369 869 nobilitas

967 884 1169 916 Gemmarum
1195 887 1227 915 et
1250 882 1408 915 stabilitas

1012 931 1118 972 Aeris,
1144 930 1258 970 byssus
1280 931 1411 969 retorta,

967 984 1119 1027 Eburque
1145 987 1357 1025 castimoniae,

964 1034 1111 1072 Beryllus
1134 1033 1346 1073 parsimoniae

964 1081 1008 1112 Et
1031 1089 1169 1112 marmor
1193 1079 1429 1119 sanctimoniae,

1013 1126 1091 1159 Qum
1112 1127 1238 1166 iaspide
1260 1126 1438 1159 iacincthus

964 1176 1014 1205 Ac
1041 1182 1164 1213 purpur
1188 1173 1377 1214 aptitudinis

963 1220 1008 1252 Et
1032 1221 1108 1252 lima
1131 1221 1331 1252 rectitudinis

966 1267 1142 1307 Linumque
1166 1267 1367 1309 valetudiniS,

1011 1313 1068 1345 Bis
1094 1322 1204 1345 coccus
1221 1322 1344 1354 quoque
1360 1313 1488 1347 tinctus.

965 1368 1037 1403 Rex
1063 1378 1136 1411 ergo
1162 1369 1237 1402 celsi
1260 1370 1408 1411 numinis,

964 1417 1114 1456 Dignare,
1139 1420 1232 1455 pater
1255 1417 1395 1456 luminis,

964 1464 1120 1495 Torrente
1149 1464 1233 1496 sacri
1255 1462 1392 1495 fluminis

1011 1509 1066 1540 Me
1091 1510 1138 1541 sic
1161 1509 1343 1549 laetificare,

965 1556 998 1588 Si
1022 1556 1124 1587 oleum
1151 1564 1221 1587 cum
1242 1557 1390 1588 mellibus

964 1603 1036 1634 Non
1061 1611 1170 1642 sugam
1196 1603 1236 1634 de
1259 1603 1442 1643 saxellibuS,

963 1650 1012 1681 Dc
1037 1649 1111 1688 pilis
1141 1652 1173 1680 et
1198 1650 1238 1681 de
1262 1649 1400 1689 pellibus

1012 1695 1129 1734 Queam
1154 1698 1335 1728 eructuare:

940 1826 1080 1867 Dignare
1103 1836 1240 1867 pennam
1267 1827 1402 1869 irn‘gare

937 1873 981 1905 Et
1006 1874 1123 1913 stylum
1147 1874 1261 1906 mentis
1286 1876 1430 1907 colorare

941 1919 1004 1961 Sic,
1029 1923 1066 1952 ut
1088 1920 1130 1953 ad
1153 1924 1272 1953 struem
1290 1926 1489 1962 comportare

990 1968 1071 2007 Quid
1097 1976 1208 2008 queam
1233 1977 1301 2000 cum
1328 1970 1474 2004 exilibus.

943 2020 1118 2063 Scriptoris
1156 2025 1316 2066 linguam,
1364 2035 1488 2059 cursum

1263 2073 1378 2105 mentis

942 2117 1092 2149 Guberna
1116 2119 1206 2158 virga
1230 2119 1397 2160 dirigentis

941 2164 1167 2205 Velociterque
1193 2167 1420 2199 conscribentis

987 2211 1078 2243 Illius
1103 2212 1228 2244 scribae
1255 2214 1404 2255 calamus,

943 2257 1010 2297 Cui,
1022 2258 1111 2297 virgo
1123 2261 1234 2301 mater,
1245 2268 1338 2299 quam
1345 2269 1491 2294 serenum

943 2303 1014 2335 Hoc
1037 2307 1237 2345 praeparasti
1253 2315 1489 2350 pergamenum,

942 2351 980 2382 In
999 2360 1059 2391 quo
1078 2352 1222 2392 depictus
1236 2357 1286 2385 est
1301 2356 1343 2388 ad
1362 2356 1492 2396 plenum

990 2398 1142 2432 Caelestis
1163 2402 1272 2440 sponsi
1297 2403 1465 2441 thalamus.
