1655 2573
696 146 737 153 —
790 124 856 163 107
904 146 952 152 —-

569 219 638 251 208.
663 218 708 251 De
727 229 751 251 s.
769 220 907 252 Iohanne
924 219 1075 260 Baptista.

188 286 218 320 1.
246 286 366 328 Gaude,
393 288 550 322 Iohannes
574 289 729 329 Baptista,

245 334 304 373 Qui
328 335 362 367 in
386 336 553 367 maternali
578 336 656 368 cista

292 381 426 414 Sanctus
453 383 611 425 exstitisti,

244 427 364 470 Gaude,
388 429 449 461 Dei
474 430 642 470 organista,

245 475 304 514 Qui
328 485 390 508 non
415 479 451 507 ut
474 474 573 507 falsus
599 477 741 516 sophista

294 522 452 555 Christum
478 524 654 557 ostendisti.

863 292 894 323 2.
919 289 1040 327 Gaude,
1063 289 1207 321 caelestis
1231 289 1353 328 iurista,

922 337 981 375 Qui
1006 344 1146 368 summae
1170 336 1248 376 legis
1272 337 1385 376 legista

965 383 1053 415 Fieri
1077 383 1228 422 meruisti,

922 430 1041 472 Gaude,
1070 433 1172 461 certus
1197 430 1349 469 agonista,

921 477 979 516 Qui
1006 486 1096 509 verus
1122 477 1314 516 evangelista

969 525 1088 557 Cuncta
1112 523 1276 563 reliquisti.

584 581 614 612 3.
643 579 762 622 Gaude,
789 580 966 611 sanctitatis
991 581 1133 620 sacrista,

643 626 702 664 Qui
727 634 823 665 super
847 635 954 657 omnes
979 626 1031 658 via
1053 627 1116 658 ista

690 672 869 703 Virtutibus
893 672 1046 706 effulsisti.

252 726 330 754 Orat.
351 736 403 754 ms.
424 734 500 753 saec.
517 724 559 754 15.
589 726 658 754 Cod.
673 727 835 754 Lcndinen.
858 727 941 754 Harl.
963 725 1026 754 211.
1047 728 1081 754 Α.
1102 741 1107 745 -

1161 727 1240 754 Orat.
1261 736 1313 754 ms.
1334 736 1408 755 saec.
1427 726 1468 755 15.

172 763 240 791 Cod.
269 764 431 792 Londinen.
460 764 542 791 Harl.
563 761 647 792 3000.
669 765 702 792 Β.
728 779 767 783 —
793 764 873 792 Orat.
892 773 945 792 ms.
977 764 1143 792 Cistercien.
1171 764 1302 800 Angelie.
1328 773 1401 792 saec.
1427 765 1469 793 15.

172 801 240 828 Cod.
268 802 401 829 Vatican.
430 801 565 829 ottobon.
586 799 650 829 548.
672 802 702 830 C.
734 817 767 821 —
795 801 818 836 1,
839 800 856 828 2
883 805 1014 830 materna
1038 804 1113 830 cista
1136 802 1170 829 Α.
1194 816 1234 821 ν-
1260 800 1284 835 1,
1306 799 1324 829 3
1345 801 1469 830 Sanctus

172 847 238 866 vere
258 838 315 866 BC.
336 855 337 858 =
361 855 372 859 -
395 838 419 873 1,
440 838 457 866 5
479 839 535 873 Qui
552 848 612 867 non
632 849 661 867 es
681 840 773 867 falsus
793 840 825 867 Β.
847 854 884 858 -
904 838 930 873 2,
951 838 968 866 2
988 842 1021 866 ut
1042 847 1170 867 summae
1189 839 1272 867 ABC.
1293 853 1330 858 --
1349 837 1376 873 3,
1398 838 1414 867 5
1435 843 1469 867 ut

173 884 261 904 verus
283 877 361 905 AC..
391 894 393 898 ,
413 874 441 910 3,
455 875 472 903 2
495 885 582 912 super
603 886 701 905 omnes
721 878 815 904 invia
829 878 888 905 ista
900 877 982 905 ABG.
1012 877 1140 905 Hieraut'
1158 877 1241 911 folgt,
1260 877 1303 904 als
1320 877 1470 912 Antiphon

174 914 346 942 bezeichnet
363 914 408 949 (13)
429 914 498 942 oder
518 915 561 941 als
581 915 691 942 Versus
710 914 768 949 (C):

478 961 523 987 Tu
544 970 597 988 nos
617 970 636 988 a
655 962 811 989 sceleribus
832 961 920 993 solve,
942 962 1010 988 Iesu
1031 962 1153 994 Christe,

477 998 678 1026 Praecursoris
697 1000 832 1034 precibus
852 999 992 1026 Iohannis
1013 999 1171 1035 Baptistae.

568 1089 638 1121 209.
668 1090 711 1120 De
731 1098 755 1120 s.
776 1090 910 1121 Iohanne
924 1090 1073 1129 Baptista.

183 1160 213 1193 1.
241 1159 362 1200 Gaude,
388 1159 546 1192 Iohannes
571 1160 736 1202 propheta,

243 1206 360 1238 Christi
385 1215 499 1246 praeco
526 1209 558 1237 et
579 1207 706 1245 athleta,

289 1254 383 1294 Legis
409 1254 642 1293 consummatio,

242 1300 354 1332 Gaude
378 1304 410 1332 te
434 1300 689 1339 praenuntiatum

243 1348 331 1380 Patri
357 1351 452 1388 atque
476 1346 546 1379 fore
569 1351 676 1379 natum

290 1394 398 1426 Sterili
423 1394 463 1425 ab
486 1397 585 1425 utero.

184 1453 213 1485 2.
243 1451 354 1483 Gaude
378 1453 502 1490 patrem
518 1460 579 1482 non
599 1451 789 1494 credentem,

241 1498 304 1530 Sed
329 1501 382 1530 tuo
407 1498 527 1536 scripto
552 1498 729 1537 loquentem

285 1545 384 1577 Beato
409 1544 574 1583 vocabulo,

242 1592 364 1633 Gaude,
391 1592 464 1632 quia
489 1592 647 1624 sentiebas

240 1639 399 1672 Christum
425 1639 550 1670 clausus
576 1641 608 1670 et
628 1639 788 1679 gaudebas

285 1687 413 1719 Ventris
437 1687 471 1717 in
497 1686 665 1726 ergastulo.

864 1162 895 1193 3.

859 1453 891 1483 4.

923 1160 1044 1199 Gaude,
1071 1160 1153 1200 quod
1178 1161 1407 1199 praenuntiasti

922 1207 1078 1239 Christum
1106 1209 1135 1237 et
1161 1207 1245 1238 hunc
1268 1207 1439 1247 baptizasti

968 1255 1006 1286 In
1025 1254 1170 1286 Iordanis
1194 1252 1300 1294 fluvio,

922 1301 1042 1340 Gaude,
1068 1300 1168 1332 maior
1192 1304 1224 1332 te
1248 1305 1384 1332 surrexit

921 1348 1046 1387 Nullus,
1072 1356 1162 1387 quem
1188 1347 1274 1379 Deus
1300 1348 1411 1379 dilexit

967 1394 1086 1427 Christi
1110 1394 1297 1426 testimonio.

920 1451 1041 1490 Gaude,
1068 1453 1177 1482 sancte
1198 1453 1320 1491 martyr
1338 1452 1467 1492 Christi,

918 1498 1006 1537 Quod
1034 1506 1103 1529 cum
1128 1498 1246 1529 sanctis
1268 1499 1413 1530 meruisti

965 1544 1043 1576 Frui
1070 1545 1149 1577 caeli
1173 1545 1310 1584 gaudi03

920 1592 1020 1624 Nobis
1044 1592 1190 1633 impetra,
1216 1595 1360 1632 patrone,

918 1639 964 1672 Ut
986 1640 1019 1671 in
1046 1639 1125 1671 caeli
1145 1639 1273 1679 regione

963 1687 1134 1719 Laetemur
1161 1686 1200 1718 de
1224 1687 1374 1726 praemio.

245 1752 323 1779 Orat.
349 1761 402 1779 ms.
429 1751 617 1779 Trudonense
644 1760 719 1779 saec.
742 1750 785 1779 16.
806 1752 847 1779 in.
875 1751 944 1779 Cod.
963 1752 1102 1780 Leodien.
1123 1749 1179 1778 395
1198 1752 1233 1779 A.
1255 1767 1291 1771 —
1312 1751 1391 1779 Orat.
1412 1761 1465 1780 ms.

168 1797 242 1817 saec.
277 1787 320 1817 15.
350 1789 418 1817 Cod.
445 1789 609 1816 Bruxellen.
635 1787 775 1817 3063—4.
800 1790 835 1817 B.
859 1806 896 1810 —
924 1788 948 1823 1,
974 1788 995 1817 4
1021 1790 1244 1826 praenuntiante
1270 1790 1304 1817 A.
1330 1805 1369 1809 —
1397 1788 1423 1824 2,
1451 1789 1468 1817 2

167 1829 331 1855 narrentem
352 1828 384 1855 B.
408 1843 409 1846 =
439 1841 441 1845 v
462 1824 488 1860 3,
510 1825 527 1854 5
547 1827 631 1854 Unus
651 1828 755 1863 inquit,
777 1836 862 1863 quem
884 1828 988 1855 dilexit
1006 1829 1039 1855 Β.

534 1919 595 1950 210.
626 1919 667 1950 De
690 1928 713 1949 s.
730 1920 866 1951 Iohanne
886 1920 1098 1961 Evangelista.

181 1992 211 2024 1.
240 1990 361 2033 Gaude,
387 1993 489 2031 pater,
516 1991 568 2024 via
592 1999 723 2031 morum,

237 2039 330 2071 Felix
353 2038 596 2081 evangeliorum,

285 2086 379 2118 Sidus
404 2085 527 2126 fulgens
551 2085 662 2126 radio3

237 2134 358 2172 Gaude,
386 2133 459 2173 quia
475 2141 553 2166 voce
580 2132 697 2165 Christi

235 2181 332 2222 Virgo
358 2180 473 2214 florens
498 2182 702 2220 permansisti

281 2229 418 2261 Tractus
443 2228 484 2260 de
509 2228 653 2261 conubio.

177 2289 207 2320 2.
237 2287 358 2328 Gaude,
385 2286 458 2327 quia
481 2286 634 2326 plenioris

235 2335 435 2367 Secretorum
461 2337 493 2366 et
515 2334 632 2366 amoris

281 2382 436 2424 Splendes
460 2381 637 2422 privilegio,

860 2145 891 2176 3.

918 1990 1029 2023 Gaude
1052 1989 1162 2022 florem
1188 1990 1373 2030 virginalem

916 2038 990 2069 Tibi
1013 2041 1146 2069 matrem
1170 2038 1340 2077 specialem

966 2085 1156 2118 Comittente
1179 2083 1254 2117 filio.

919 2142 1038 2183 Gaude,
1065 2144 1187 2182 martyr
1211 2151 1249 2174 ex
1274 2151 1373 2182 agone

917 2190 992 2222 Sine
1015 2190 1126 2222 mortis
1150 2190 1297 2230 passione

962 2238 1149 2271 Translatus
1172 2238 1206 2269 in
1232 2238 1357 2281 gaudio,

916 2286 981 2319 Ubi
1006 2288 1098 2328 pater
1121 2288 1306 2318 coaeternus

915 2334 982 2366 Nos
1007 2334 1172 2374 perducat,
1198 2342 1256 2365 rex
1281 2341 1447 2375 supernuS,

962 2382 1023 2414 Tui
1048 2381 1234 2423 patrocinio,
