1655 2573
253 748 306 780 10.

254 980 308 1012 15.

254 1398 283 1430 1.

755 160 801 165 -
850 140 916 176 158
965 159 1008 170 -2-

656 234 722 264 298.
750 232 792 264 De
812 231 918 264 sancto
938 230 1116 263 Laurentio.

335 332 359 364 Ο
385 341 504 364 summa
528 341 600 371 spes
625 330 764 363 fidelium

334 377 374 409 Et
399 382 577 410 sanctorum
599 378 760 418 solacium,

381 425 434 456 Ad
459 428 491 456 te
515 425 684 456 clamantes
711 423 842 463 respice,

334 471 516 502 interventu
539 470 712 509 Laurentii,

299 540 306 548 .
333 515 483 556 Martyris
509 520 540 547 et
566 516 697 556 diaconi,

381 563 513 595 Nostras
521 571 631 604 preces
642 572 705 594 non
716 562 851 601 despice.

334 609 392 649 Qui
415 609 520 641 lumen
546 609 646 641 caecis
671 609 823 648 reddidit,

336 657 373 687 ln
398 658 429 687 te
453 659 615 696 sperantes
641 656 742 688 edidit

381 702 451 734 Suis
476 703 573 735 saeris
599 703 794 742 dogmatibus

332 749 377 781 Et
399 750 561 781 thesauros
587 749 737 781 ecclesiae

333 797 396 828 Pro
420 799 474 828 tuo
499 796 551 835 pio
576 796 701 828 nomine

380 842 532 882 Erogavit
555 843 754 882 pauperibus

334 889 409 928 Igne
433 891 557 920 sanctus
584 888 786 930 comburitur,

334 936 449 967 Passus
475 936 592 967 eaelum
618 935 802 977 ingreditur,

381 981 491 1013 Iacens
514 982 547 1013 in
573 982 724 1014 craticula

378 1028 466 1059 Intus
490 1029 582 1060 ardet
606 1030 641 1060 ut
664 1027 778 1060 facula.

1007 329 1045 361 ln
1070 338 1132 368 qua
1157 328 1228 361 dira
1251 329 1397 368 passione

1006 375 1113 407 Fortis
1139 377 1241 408 certat
1263 376 1297 408 in
1320 384 1430 416 agone,

1054 422 1202 454 Testatur
1226 422 1305 454 haec
1332 422 1456 454 diecula

1052 469 1122 500 Hoc
1155 477 1214 508 per
1238 471 1368 501 aeterna
1392 469 1527 500 saecula.

1007 515 1059 548 Ad
1083 525 1149 554 nos,
1176 515 1284 555 levita,
1309 524 1457 557 propera,

1004 562 1183 594 Thesauros
1208 562 1298 594 nobis
1325 571 1426 604 eroga,

1005 608 1129 650 Confer,
1155 609 1209 648 pie
1232 618 1250 640 0
1276 607 1437 650 Laurenti,

1006 655 1168 688 Auxilium
1192 664 1302 688 sacrae
1326 656 1412 695 genti

968 727 976 735 .
1003 702 1100 735 Festa
1123 705 1177 734 tua
1199 711 1283 734 nunc
1308 702 1432 740 colenti,

1003 749 1125 782 Devote
1148 749 1242 780 modo
1270 748 1394 781 decenti

1003 796 1076 828 Rite
1084 795 1231 835 psallere,
1243 805 1283 827 ne
1293 796 1411 827 colonis
1422 796 1526 835 chaos,

1002 842 1060 882 Qui
1085 845 1117 874 te
1142 842 1257 881 colunt,
1275 843 1404 882 ingruat
1421 845 1523 883 atrox,

1000 889 1103 929 Roget
1126 892 1249 928 patrem
1276 892 1330 920 tua
1354 898 1426 927 vox,

921 937 974 968 30.
1003 934 1046 968 Ut
1058 935 1174 967 anobis
1184 935 1296 975 procul
1305 936 1444 974 pellatur
1453 944 1526 969 11011.

314 1119 393 1147 Orat.
407 1128 458 1146 ms.
473 1119 654 1147 Carthusian.
669 1128 742 1147 saec.
760 1118 802 1147 15.
837 1120 905 1148 Cod.
921 1120 1013 1156 Capit.
1027 1121 1173 1148 Treviren.
1193 1119 1253 1148 116.
1268 1134 1305 1141 ——-
1319 1118 1354 1147 27
1369 1121 1474 1149 coloni.
1488 1135 1525 1139 ——

239 1154 274 1183 29
293 1157 357 1183 Tua
375 1164 432 1183 vox
451 1158 535 1192 rogat
554 1160 672 1192 patrem.

656 1304 722 1335 299.
752 1304 795 1335 De
815 1306 921 1335 saneto
940 1303 1116 1336 Laurentio.

311 1401 334 1432 O
361 1399 521 1439 Laurenn,
547 1404 667 1439 martyr
693 1401 820 1435 Christi,

308 1447 357 1478 Tu
378 1446 483 1486 sitisti,
512 1447 677 1478 occurristi

310 1493 352 1525 Et
377 1492 495 1533 bibisti,
520 1495 556 1524 ut
581 1493 703 1533 cupisti,

308 1540 418 1571 Dirum
444 1540 598 1578 haustum,
625 1539 839 1572 holocaustum

308 1587 425 1619 Factus
450 1589 542 1623 totus,
569 1587 616 1619 sic
640 1585 677 1617 fis
701 1590 793 1619 notus

308 1632 380 1664 Toti
403 1634 529 1673 mundo,
557 1641 624 1664 curn
648 1634 784 1665 iucundo

352 1679 522 1711 Praeconio
551 1678 729 1714 laudabilis.

307 1725 412 1758 Sixtus
439 1726 519 1758 dixit
543 1729 578 1757 ut
601 1727 775 1766 propheta:

306 1772 379 1804 Tibi
404 1775 502 1804 restat
525 1773 625 1805 maior
648 1775 732 1805 meta

307 1820 432 1860 Pugnae
457 1819 661 1860 gloriosioris,

306 1865 458 1909 Aerioris,
486 1867 631 1906 durioris,

308 1913 371 1946 Fili
396 1922 490 1956 mere,
516 1913 582 1945 noli
606 1913 691 1954 flere,

308 1960 403 1998 Eece,
428 1968 503 1991 vere
529 1968 580 1991 me
603 1969 735 1999 sequere

353 2007 429 2039 Post
453 2006 592 2038 triduum
617 2007 809 2047 spectabilis

273 2113 280 2120 .
307 2090 449 2122 Prudens
475 2092 567 2122 dator
590 2092 807 2123 thesaurorum

306 2137 435 2175 Quaeris
460 2136 568 2169 turbas
594 2146 770 2178 egenorum,

306 2183 410 2214 Lavas
433 2184 532 2223 pedes
556 2184 736 2225 osculando,

307 2229 371 2261 Ore
393 2228 510 2261 blando
536 2230 726 2261 consolando

309 2276 477 2315 Caecisque
500 2284 560 2316 per
583 2276 703 2316 signum
729 2277 828 2308 crucis

306 2323 362 2355 Pie
385 2322 494 2355 reddis
518 2323 618 2354 visum
641 2323 720 2354 lueis

351 2370 430 2402 Post
453 2372 572 2402 tractus
596 2371 637 2402 ad
663 2370 843 2404 certamina.

981 1403 1047 1441 Quo
1072 1410 1166 1434 saeve
1189 1402 1404 1446 interrogaris,

978 1448 1165 1489 Fustigaris,
1191 1449 1333 1491 laniaris,

981 1495 1161 1527 Cruentaris
1188 1504 1256 1528 cum
1281 1496 1453 1536 plumbatis

977 1541 1177 1581 Laminisque
1200 1541 1410 1586 inflammatis,

979 1587 1054 1619 Tuis
1081 1589 1175 1620 costis
1200 1589 1378 1629 applicatis,

978 1635 1120 1667 Tandem
1145 1634 1269 1675 perfers
1296 1636 1385 1668 dirae
1410 1637 1506 1668 cratis

1025 1680 1127 1721 Super
1150 1683 1255 1722 ignem
1280 1683 1433 1715 examina.

921 1765 952 1798 3.
978 1766 1059 1807 Heu,
1086 1766 1155 1810 heu,
1182 1765 1229 1797 ibi
1253 1767 1342 1799 vivus
1370 1767 1474 1811 disciS,

973 1813 1133 1852 Quomodo
1160 1816 1290 1845 necatus
1314 1814 1412 1854 piscis

977 1860 1173 1902 Per-assatur,
1201 1860 1393 1905 denigratur,

976 1905 1171 1949 Perforatun
1198 1907 1354 1947 eliquatur

978 1954 1039 1985 Per
1062 1954 1154 1985 nimis
1180 1954 1328 1986 ardentes
1353 1955 1467 1997 stillas,

978 2000 1063 2038 Quae
1086 2002 1183 2032 urunt
1205 2002 1368 2041 tangentes
1392 2002 1475 2042 illas,

1024 2047 1232 2086 Quaecunque
1255 2048 1357 2079 laetus
1380 2049 1510 2090 pateris,

977 2093 1035 2125 Ais
1056 2102 1193 2134 namque
1215 2103 1309 2126 sensu
1333 2104 1410 2127 sano

978 2139 1060 2180 Ipsis
1085 2140 1183 2172 Decio
1206 2140 1351 2182 profano,

978 2186 1080 2218 Iudici
1101 2186 1269 2218 Valeriano

978 2232 1150 2275 Coetuique
1173 2232 1286 2264 horum
1310 2242 1401 2278 vane,

977 2279 1022 2311 Ut
1043 2282 1194 2319 gyrarent
1218 2282 1250 2310 et
1273 2284 1433 2322 vorarent,

975 2326 1111 2358 ventres
1136 2335 1208 2359 suos
1233 2328 1386 2360 satiarent

1019 2371 1153 2405 Excoeti
1177 2375 1270 2414 parte
1293 2374 1413 2409 lateris.
