1655 2573
754 156 987 192 ‚64-

605 269 666 301 146.
693 270 736 301 De
755 268 861 300 saneto
883 266 1130 298 Bartholomueo.

237 357 268 392 1.
294 359 494 391 lucarnatum
517 357 705 398 praedicans

339 414 414 438 vere
442 405 573 437 verbum
597 404 667 448 Dei,

292 453 394 484 Laeta
417 461 473 484 nos
497 450 647 483 laetificet

339 508 400 531 vox
422 497 667 535 Bartholomaei‚

293 546 386 578 Cuius
411 545 475 576 late
498 546 625 575 resonet

338 600 429 624 sacra
453 592 521 622 laus
537 590 670 630 tropaei,

290 638 542 677 Repraesentans
568 637 684 679 gaudia

338 693 476 716 summae
500 684 629 723 requiei.

233 773 264 801 ⁵.
291 771 386 808 Quasi
412 770 487 801 tuba
511 769 677 801 vehemens

340 826 444 858 regem
468 824 674 856 praecessura

294 864 360 896 Vox
384 864 468 895 illius
492 863 616 894 intonat

339 910 468 942 verbum
493 909 668 948 prolatura,

293 957 338 989 Ut
359 956 473 988 factori
497 955 628 987 subdita

338 1003 456 1036 serviat
477 1001 611 1042 factura,

292 1051 336 1082 Et
359 1059 394 1082 se
417 1059 504 1082 mens
530 1049 571 1080 ad
595 1047 718 1089 proelia

340 1099 510 1137 praeparet
535 1097 675 1128 ventura.

260 1205 266 1212 .
293 1184 371 1212 'sam
396 1181 580 1220 praeclarae
605 1179 710 1210 sonitu

336 1228 421 1259 vocis
448 1227 584 1258 excitata

290 1274 428 1313 Mystico
456 1273 654 1313 baptismatis

336 1320 423 1352 fonte
444 1329 519 1361 gens
544 1323 665 1358 renata,

289 1368 394 1399 Nullis
419 1366 653 1399 adversantium

337 1414 430 1445 minis
456 1413 632 1450 exturbata,

291 1460 334 1493 Ut
359 1463 533 1492 castrorum
558 1459 640 1490 acies

360 1509 458 1538 certet
483 1506 637 1538 ordinata.

257 1616 263 1623 .
290 1592 382 1624 Nova
405 1599 529 1630 semper
552 1593 668 1629 ingerit

338 1641 426 1669 vetus
450 1637 548 1669 hostis
572 1636 664 1675 bella,

289 1684 382 1716 Nunc
406 1693 509 1716 rerum
535 1682 696 1723 temperie,

338 1740 422 1763 nunc
445 1740 519 1762 usus
543 1730 693 1769 procella,

287 1779 350 1811 Pro
375 1777 476 1817 nobis,
502 1777 653 1817 apostole,

338 1824 494 1857 Christum
521 1823 700 1863 interpella,

290 1871 339 1903 Ne
362 1870 476 1903 fallant
496 1869 667 1902 illecebrae

338 1917 524 1957 frangantve
547 1915 682 1957 flagella.

258 2028 264 2035 .
291 2003 343 2034 Sic
367 2003 503 2034 adversa
523 2004 676 2041 temperet

337 2049 480 2082 Christus
504 2048 692 2089 consolator,

290 2096 340 2127 Ne
367 2105 420 2128 cor
443 2104 586 2127 maerens
609 2096 723 2127 obruat

336 2142 500 2181 improbus
523 2144 704 2181 temptator,

291 2189 344 2220 Sic
369 2189 516 2228 disponat
538 2197 692 2228 prospera

337 2235 422 2266 vitae
444 2235 636 2273 moderator,

291 2282 341 2313 Ne
364 2290 420 2313 nos
445 2279 538 2312 fallat
561 2280 721 2321 prosperis

337 2337 458 2360 morum
484 2328 683 2367 depravator.

934 355 964 388 6.

908 2001 962 2036 10.

990 354 1044 385 Ad
1067 354 1193 387 virtutis
1215 349 1316 393 'opera

1038 401 1177 433 excitans
1208 399 1354 433 affectum

991 446 1141 480 Efficacis
1166 446 1287 479 tribuat

1037 504 1133 536 opere
1157 492 1345 535 profectum,

1008 542 1061 583 Ut,
1089 542 1142 582 qui
1167 541 1254 581 pium
1278 538 1422 580 parvulis

1037 590 1182 628 praestat
1204 586 1410 623 intellectum,

990 635 1126 667 Nostrae
1152 634 1223 675 pius
1249 632 1399 673 suppleat

1036 682 1151 714 mentis
1175 679 1408 720 imperfectum.

957 790 963 797 .
989 767 1027 798 ln
1048 775 1105 798 nos
1131 774 1171 797 ne
1193 764 1379 804 praevaleat

1038 815 1128 845 vetus
1153 811 1263 851 anguis
1287 811 1353 850 ille,

993 859 1128 891 Sedulus
1152 857 1308 889 insidians

1036 905 1113 938 fidei
1138 905 1283 946 pusillae,

989 953 1045 984 Nil
1067 953 1101 984 in
1125 952 1217 984 nobis
1242 950 1409 988 lubricum,

1035 1000 1082 1031 nil
1106 999 1149 1031 sit
1171 997 1330 1040 inbeciHe,

991 1047 1081 1085 Quod
1104 1046 1219 1078 mentis
1243 1044 1399 1085 impediat

1038 1094 1178 1133 requiem
1203 1092 1405 1133 tranquillae.

990 1178 1164 1210 Duodenae
1187 1179 1378 1217 praepotens

1037 1224 1169 1266 signifer
1193 1224 1335 1266 choreae,

992 1272 1116 1304 Christo
1141 1271 1313 1304 reconcilia

1035 1328 1102 1361 nos,
1128 1317 1364 1358 Bartholomee‚

989 1366 1035 1398 Ut
1060 1366 1115 1398 det
1138 1365 1202 1398 reis
1226 1366 1361 1404 veniam,

1036 1413 1090 1453 qui
1113 1412 1261 1444 misertus
1284 1421 1359 1444 reae

1010 1460 1164 1492 Fructum
1187 1458 1403 1500 paenitentiae

1036 1506 1126 1538 dedit
1151 1506 1347 1540 Chananeae.

956 1614 963 1622 .
989 1591 1041 1623 Da
1064 1600 1121 1622 nos
1146 1590 1209 1622 tuis
1234 1590 1383 1630 precibus

1034 1637 1080 1669 ita
1104 1637 1309 1678 praemuniri,

987 1684 1103 1716 Sacrae
1129 1684 1171 1717 da
1194 1685 1355 1724 signaculo

1034 1731 1136 1764 crucis
1160 1731 1316 1771 insigniri,

987 1778 1037 1810 Ne
1061 1779 1113 1811 vel
1139 1778 1221 1811 dolis
1246 1777 1384 1811 hostium

1032 1834 1121 1857 mens
1148 1825 1371 1858 circumveniri

986 1872 1047 1904 Vel
1070 1873 1189 1912 apertis
1214 1872 1321 1905 valeat

1033 1920 1127 1951 bellis
1149 1919 1278 1952 irretiri.

990 2004 1068 2036 Cum
1092 2013 1191 2044 regna
1216 2004 1381 2044 discipulis

1035 2051 1178 2082 dominus
1203 2059 1372 2091 regnorum

988 2098 1118 2138 Singula
1142 2097 1301 2129 subiceret

1035 2153 1129 2175 curae
1154 2144 1358 2183 singulorum,

988 2190 1088 2221 Index
1113 2191 1206 2221 adest
1230 2190 1323 2222 India

1035 2237 1215 2276 dogmatum
1240 2238 1376 2275 tuorum,

989 2283 1088 2321 Quam
1112 2282 1280 2315 verborum
1305 2283 1420 2323 irrigas

1031 2329 1133 2361 imbre
1159 2329 1347 2363 divinorum.
