1655 2573
714 123 969 159 —-110—-

611 216 672 248 216.
702 216 746 247 Dc
764 214 872 246 sancta
891 208 1080 243 Katharina.

217 272 248 307 1.
275 273 396 315 Gaude,
425 277 511 316 virgo
536 277 723 318 Katharina‚
947 268 1068 307 Gaude,
1095 268 1141 305 tu,
1166 271 1246 303 quae
1272 256 1444 310 flagellaris

274 322 341 362 Qua
366 323 508 355 doctores
532 325 584 355 lex
610 323 716 355 divina
946 315 990 348 Et
1013 316 1087 356 Post
1110 320 1213 351 pauca·
1238 307 1438 356 acconam,-

320 368 431 401 Traxit
455 370 494 402 ab
520 370 688 406 erroribus,
992 361 1143 393 Fundens
1166 358 1219 389 iac
1242 364 1301 394 pro
1330 357 1495 391 sanguine.

277 414 396 458 Gfflldss)
420 427 477 456 pro
503 426 565 457 qua
586 416 771 448 tenebrosus
889 421 921 453 3.
948 417 1070 457 Gaude,
1098 414 1173 446 Sina
1199 411 1283 451 quod
1308 406 1458 448 portariS,

277 460 391 493 Carcer
416 461 477 495 fuit
498 464 669 495 luminosus
946 464 1013 498 Ubi
1036 463 1109 501 iuge
1132 457 1294 492 veneraris

323 507 479 549 Fraglans
505 519 543 542 ex
568 509 727 541 odoribus,
999 509 1067 543 Olei
1087 505 1273 548 propagine,

222 564 253 594 2.
279 562 399 607 Gaude,
430 568 615 598 convertens
636 564 777 605 reginam
952 558 976 591 Ο
1002 557 1108 595 beata>
1134 556 1207 595 post
1229 548 1366 583 Mariam

282 608 419 642 Cernens
443 615 580 644 rotarum
606 612 728 644 ruinam
953 604 1052 637 Posce
1075 601 1167 635 nobis
1193 597 1274 631 caeli
1297 596 1379 649 viam

328 656 434 689 Plebis
463 659 494 690 in
521 659 709 697 discrimine,
999 652 1037 684 ln
1063 656 1209 689 supremo
1237 645 1380 676 culmine.

561 717 592 748 4.
616 714 696 746 Esto
725 713 818 746 nobis
844 712 999 743 advocata

618 761 715 802 Apud
738 761 851 798 Deum,
879 758 964 797 virgo
979 756 1091 809 grata,

666 809 703 839 111
728 809 835 839 nostro
859 806 1039 837 certamine.

292 860 369 887 Orat.
401 869 452 887 ms.
480 861 598 889 cistere.
623 861 735 897 Anglic.
766 870 840 889 saec.
869 858 912 888 15.
960 857 1029 886 Cod.
1055 856 1190 883 Vatican.
1219 851 1355 881 ottobon·
1382 846 1446 876 548-
1471 861 1508 865 -

218 894 241 928 1,
263 895 280 925 6
300 897 449 932 Flagrans.
470 911 506 917 -
526 896 552 931 3,
575 897 589 925 1
611 898 701 926 Sinai.

631 979 690 1009 217.
720 980 763 1010 De
781 980 891 1010 sancta
911 977 1097 1009 Katharina.

238 1036 270 1069 1.
297 1036 417 1079 Gaude,
443 1039 532 1077 virgo
557 1039 746 1080 Katharina,
910 1040 941 1071 2,
966 1038 1085 1074 Gaude,
1109 1037 1183 1075 quia
1208 1032 1350 1065 meruisti

297 1083 395 1121 Quam
418 1083 532 1115 refecit,
554 1085 609 1116 lux
636 1084 742 1116 divina
970 1081 1146 1114 Confortari
1170 1089 1250 1112 voce
1274 1079 1402 1119 Christi,

342 1129 407 1161 Ter
430 1130 590 1169 quaternis
614 1130 768 1168 noctibus,
1015 1129 1093 1159 Post
1115 1135 1226 1166 preces
1252 1125 1412 1165 divinitus,

297 1175 419 1215 Gaude,
445 1177 530 1216 quod
554 1179 609 1208 tua
635 1176 781 1208 doctrina
973 1173 1092 1210 Gaude,
1118 1173 1190 1211 quia
1214 1170 1396 1202 convertisti

297 1223 508 1263 Philosophos
532 1233 551 1255 a
573 1224 664 1255 mina
975 1219 1127 1259 Sponsam
1154 1218 1236 1257 regis
1261 1219 1293 1248 et
1318 1216 1425 1247 vidisti

345 1270 457 1303 Traxit
484 1273 515 1302 et
542 1270 711 1303 erroribus.
1021 1267 1121 1299 Rotas
1145 1264 1262 1297 fractas
1287 1263 1425 1295 caelitus.

576 1328 609 1360 3.
636 1326 759 1370 Gaude,
785 1325 879 1357 sertis
904 1327 1055 1356 coronata

637 1372 682 1404 Et
708 1373 742 1404 in
766 1373 842 1404 Sina
867 1373 1016 1404 venerata

687 1420 754 1453 Olei
779 1419 959 1457 stillamine,

630 1466 710 1498 Esto
734 1466 825 1497 nobis
851 1465 1005 1497 advocata

633 1512 730 1552 Apud
755 1512 922 1552 Christum,
950 1511 1038 1549 virgo
1063 1511 1163 1549 grata,

681 1559 717 1590 In
743 1560 851 1590 nostro
873 1556 1052 1589 certamine.

299 1616 368 1643 God.
394 1616 423 1643 S.
448 1615 527 1642 Petri
554 1613 752 1648 balisburgen.
777 1612 837 1639 1³11
863 1609 908 1638 30.
933 1618 1008 1638 saec.
1036 1608 1080 1637 15.
1108 1610 1141 1637 A.
1181 1608 1249 1636 Coti⁴
1277 1609 1305 1637 S.
1326 1610 1408 1638 Petri
1427 1610 1518 1638 Salis-

223 1654 340 1689 burgen.
371 1652 473 1680 bVIH
499 1650 522 1678 1.
549 1659 623 1678 saec.
650 1649 692 1677 15.
713 1650 746 1676 B.
771 1663 801 1668 —
826 1648 893 1676 God.
916 1648 945 1675 S.
965 1648 1046 1675 Petri
1066 1647 1264 1682 salisburgen.
1285 1648 1357 1675 avtt
1375 1645 1420 1676 35.
1442 1657 1516 1676 saec.

223 1690 268 1718 15.
296 1690 327 1717 C.
354 1704 389 1709 —
414 1689 483 1717 eod.
508 1688 742 1723 Ducumburgen.
768 1684 813 1713 84.
841 1694 915 1713 saec.
942 1684 986 1713 15.
1005 1685 1043 1712 D.
1064 1700 1101 1705 —
1122 1684 1191 1712 Cod.
1212 1685 1412 1713 Sitanstetten.
1441 1695 1463 1713 s.
1490 1695 1518 1713 n.

224 1736 298 1755 saec.
321 1726 363 1754 15.
385 1727 419 1753 Ε.
434 1741 471 1745 ᾖ
485 1726 563 1754 Orat.
584 1734 635 1751 ms.
649 1725 884 1751 Emmeramense
897 1731 974 1751 saec.
992 1720 1035 1750 15.
1053 1722 1125 1750 olm.
1140 1722 1292 1751 Monaeen.
1316 1721 1351 1750 14
1358 1721 1421 1751 940.
1435 1725 1466 1751 F.
1480 1739 1518 1744 -—

224 1766 302 1793 Orat.
325 1772 376 1791 ms.
391 1764 566 1796 Tegurinum
581 1770 650 1788 anm
664 1759 746 1789 1470.
762 1761 833 1789 Clm.
846 1761 998 1788 Monacen-
1019 1758 1121 1788 20021.
1136 1761 1170 1789 Gr.
1188 1775 1225 1781 ν·-
1240 1760 1374 1789 Officium
1387 1761 1421 1789 B.
1432 1762 1471 1789 M.
1480 1761 1515 1788 V.

221 1811 276 1830 sec.
297 1806 424 1829 consuet.
444 1801 593 1828 Romanae
613 1800 710 1826 curiae
728 1800 797 1834 imp.
818 1799 949 1826 Venetits
972 1797 1053 1826 1545.
1073 1798 1111 1826 Η.
1126 1812 1163 1817 —
1179 1797 1203 1827 1.
1219 1796 1236 1825 2
1256 1799 1371 1826 refulsit
1382 1799 1465 1826 ABG.
1480 1813 1516 1817 —

225 1838 248 1874 1,
271 1839 287 1867 6
307 1838 436 1866 Traxisti
458 1837 602 1864 erroribus
623 1836 660 1864 H.
682 1850 718 1855 —-
739 1834 764 1868 2,
786 1833 860 1863 3—6
880 1836 977 1864 fehlen
996 1836 1032 1863 D.
1052 1851 1090 1856 —
1110 1835 1135 1870 3,
1158 1835 1172 1863 1
1194 1840 1272 1864 serto
1292 1835 1380 1864 DEF.

639 1917 701 1949 218.
733 1918 773 1949 De
796 1919 902 1949 sancto
924 1918 1094 1949 Lamberto.

237 1982 266 2014 1.
295 1979 413 2020 Gaude,
443 1976 589 2018 pontifex
612 1978 793 2015 Lamberte,
969 1977 1090 2017 Gaude,
1115 1979 1243 2019 praesul
1270 1980 1479 2019 consecratus,

292 2026 451 2058 Christum
477 2024 612 2064 diligens
636 2026 747 2064 aperte
968 2024 1095 2056 Firmus
1119 2026 1242 2063 perstat
1267 2024 1356 2064 regni
1382 2028 1494 2064 status,

338 2071 383 2103 Et
406 2071 530 2103 occulte
552 2072 683 2112 pariter,
1012 2071 1096 2103 Dum
1119 2073 1204 2102 astas
1231 2071 1370 2102 consilio.

293 2118 412 2157 Gaude,
438 2117 592 2170 LeOdlufn
618 2125 676 2158 per
701 2121 732 2148 ἷθ
911 2127 941 2159 3.
969 2126 1089 2164 Gaude,
1114 2128 1189 2165 post
1212 2124 1292 2155 haec
1316 2125 1476 2155 exsulatus

290 2165 472 2198 Honoraffll'
496 2163 623 2195 Christo
648 2167 734 2195 ‘321⁷‘OE
966 2172 1028 2203 Per
1051 2171 1205 2201 malorum
1231 2178 1263 2201 es
1289 2172 1417 2201 conatus

338 2211 413 2243 Tuis
439 2209 536 2250 signis
563 2209 707 2241 dulciter.
1009 2217 1131 2248 Iniusto
1155 2216 1283 2256 iudicio¹

238 2271 268 2301 2.
295 2267 414 2307 Gaude,
441 2274 570 2298 servans
594 2265 780 2305 castitatem,
965 2263 1083 2304 Gaude,
1110 2270 1183 2294 nam
1209 2262 1283 2293 dum
1306 2263 1440 2302 arguisti

292 2314 406 2348 Mundi
430 2312 552 2353 spernis
577 2312 746 2343 vanitatem
963 2309 1093 2349 Regem,
1117 2308 1238 2340 occisus
1263 2310 1417 2342 scandisti

337 2362 380 2394 Et
405 2361 471 2392 eius
497 2359 636 2403 delicias,
1009 2356 1135 2395 Martyr
1164 2356 1244 2388 caeli
1269 2357 1415 2394 culmina.
