1655 2573
740 145 997 184 5134-

259 243 300 279 11
311 271 317 278 .
345 244 465 285 Gaude,
479 242 650 285 Matthaee‚
665 245 719 284 qui
730 248 762 276 et
772 244 860 286 Levi,

337 292 390 324 Ex
412 292 581 332 publicano
605 290 643 323 fis
665 292 698 324 in
724 291 815 323 brevi

390 339 599 379 Dispensator
622 337 772 378 fidelium,

343 385 483 417 Terrena
509 387 586 417 doce
609 394 665 416 nos
692 386 815 417 calcare

343 432 385 464 Et
410 431 462 464 fac
486 431 634 464 caelestia
661 441 767 463 amare

387 480 449 511 Per
473 481 558 509 tuum
583 479 787 518 evangelium.

258 564 314 596 12.
341 562 460 602 Gaude,
487 563 594 594 Simon
620 562 794 602 Cananaee,

340 609 456 641 Christi
480 617 590 649 pacem
615 610 657 641 ad
679 619 735 641 nos
761 611 840 642 velie

386 655 521 688 Servans
546 656 579 687 in
602 656 683 687 bono
707 658 843 694 nomine,

339 702 405 734 Nos
418 703 637 743 impugnantes
650 701 701 734 fac
710 704 858 743 elingues,

340 749 459 790 Spiritu
484 749 546 781 Dei
569 749 665 780 simus
689 750 821 790 pingues

386 796 493 828 Veteri
517 799 625 834 spreto
649 796 784 830 homine.

259 880 312 913 13.
340 879 459 918 Gaude,
486 880 657 911 Thaddaee
682 880 749 912 sive
769 880 858 919 Iuda,

339 926 520 966 Abagarum
546 935 565 957 a
588 926 679 965 lepra
702 928 801 959 cruda

385 972 550 1004 Mundasti
572 975 658 1004 tersa
682 972 772 1011 facie,

337 1019 399 1050 Per
415 1023 446 1051 te
459 1023 589 1051 mortem
609 1019 750 1051 Christus
768 1028 858 1059 prae-

636 1069 706 1102 stet,

337 1112 383 1144 Ut
407 1115 481 1143 tunc
504 1121 538 1144 se
561 1112 663 1151 ipsum
681 1113 859 1145 manifestet

385 1158 555 1190 Nobiscum
582 1160 660 1190 caeli
685 1161 762 1193 acie.

934 244 987 276 14.
1016 241 1136 282 Gaude,
1146 240 1293 283 Matthia,
1302 249 1402 281 parve
1410 239 1536 281 Christi,

1013 290 1073 328 Qui
1098 288 1246 322 thronum
1271 289 1371 321 Iudae
1395 288 1536 319 meruisti

1061 336 1143 369 Prae
1157 336 1276 367 cunctis
1290 336 1322 367 in
1332 336 1392 368 hoc
1400 335 1534 377 saeculo,

1014 383 1081 415 Fac
1114 383 1197 413 inter
1234 385 1359 415 sanctos
1396 391 1453 413 nos
1487 391 1537 413 as-

1314 429 1404 470 cribi‚

1013 478 1059 510 Ut
1082 485 1207 517 semper
1233 477 1436 509 collaetemur
1460 476 1518 507 tibi

1060 526 1097 557 In
1122 523 1274 556 trinitatis
1300 523 1440 563 speculo.

933 611 986 642 15.
1013 610 1037 642 O
1064 617 1118 642 vos
1144 608 1305 648 principes
1331 610 1363 640 et
1387 608 1536 648 athletae,

1012 656 1090 689 Iusti
1114 655 1235 687 iudices
1262 654 1455 695 congaudete

1060 702 1159 735 Simul
1184 708 1215 733 et
1237 702 1451 742 singulariter,

1010 750 1081 789 Eia,
1107 749 1217 781 mundi
1241 750 1364 781 lumina
1385 757 1470 789 vera,

1010 796 1077 828 Has
1102 804 1213 834 preces
1242 805 1311 827 cum
1327 798 1433 827 mente
1450 804 1537 827 mera

1060 841 1177 875 Offerte
1200 842 1268 874 Deo
1293 842 1424 882 pariter.

933 927 985 959 16.
1013 927 1081 958 Nec
1105 926 1275 966 aliquando
1303 926 1475 968 desistatis,

1011 974 1119 1006 Donec
1131 973 1266 1005 dicatur:
1283 981 1365 1006 nunc
1378 975 1427 1004 est
1439 974 1533 1009 satis:

1056 1020 1180 1053 Vestris
1205 1020 1319 1051 iunctis
1344 1020 1474 1052 laetitiis

1009 1067 1097 1099 Tunc
1112 1075 1232 1098 summa
1249 1068 1333 1099 salus
1352 1069 1400 1097 est
1417 1067 1535 1098 homini

1012 1113 1158 1146 Gaudere
1184 1114 1224 1145 de
1246 1114 1336 1145 bonis
1361 1113 1487 1145 Domini

1058 1161 1094 1192 In
1120 1160 1238 1191 intimis
1265 1160 1399 1193 deliciis.

318 1241 396 1268 Orat.
421 1250 473 1269 ms.
504 1241 685 1270 Carthusian.
711 1251 786 1270 saec.
815 1240 858 1269 15.
888 1242 958 1270 Cod.
987 1242 1080 1279 Capit.
1106 1243 1253 1270 Treviren.
1284 1241 1345 1272 116.
1374 1259 1410 1263 —
1443 1242 1490 1278 12,
1517 1243 1534 1271 5

242 1286 348 1305 sumus.
368 1293 406 1298 —
429 1278 471 1314 15,
491 1278 508 1306 5
527 1279 593 1307 Hac
612 1288 720 1315 preces.

662 1407 727 1438 260.
758 1408 799 1439 De
819 1410 923 1439 saneto
947 1408 1126 1449 Augustino.

259 1503 290 1535 1.
316 1502 471 1534 Iucundat
494 1504 556 1534 iam
583 1503 716 1535 ecclesia

315 1549 376 1580 Per
400 1550 550 1588 gaudiosa
574 1550 699 1590 gaudia,

315 1595 410 1626 Malis
435 1596 552 1635 stipata
577 1597 691 1635 punica

317 1641 379 1673 Per
402 1643 571 1682 Augustini
598 1643 753 1685 dogmata,

260 1729 290 1759 2.
313 1726 449 1757 Diversa
469 1727 554 1758 cuius
581 1728 720 1759 carmina

316 1772 410 1804 Nunc
433 1773 547 1805 ardent
571 1774 656 1804 velut
681 1773 785 1806 facula

315 1819 358 1851 Et
382 1819 500 1859 absque
524 1820 608 1852 omni
631 1822 754 1853 macula

315 1866 435 1897 Lucent
459 1876 517 1906 per
542 1870 653 1899 cuncta
677 1870 811 1910 saecula,

257 1953 289 1984 3.
315 1950 359 1982 Et
384 1951 506 1982 vineam
531 1950 725 1984 fructificant

317 1997 512 2038 Colonosque
535 1998 718 2041 laetificant,

314 2044 465 2076 Diversos
492 2046 565 2077 dum
589 2046 756 2088 inebriant,

314 2091 471 2123 Iucundos
497 2092 622 2125 Christo
647 2092 774 2127 faciant.

256 2177 287 2207 4.
314 2174 340 2206 Ο
366 2175 551 2218 Augustius,
576 2175 688 2208 florum
711 2177 781 2219 flos,

318 2220 412 2252 Cuius
440 2223 518 2254 odor
544 2223 700 2255 demulcet
725 2234 781 2256 nos

318 2268 380 2300 Per
404 2267 499 2300 fidem
525 2272 560 2301 ut
584 2270 727 2302 caelestis
753 2281 804 2303 ros
838 2285 862 2306 ‘r

319 2314 485 2348 Confortat
509 2320 540 2348 et
565 2316 744 2350 catholicos.

932 1507 962 1538 5.
990 1505 1129 1539 Confusa
1154 1511 1202 1537 est
1226 1507 1362 1546 perfidia

986 1552 1030 1584 Et
1054 1552 1177 1592 perfida
1201 1554 1333 1598 invidia,

985 1598 1068 1630 Nam
1093 1598 1168 1630 fidei
1194 1601 1299 1632 acidia

987 1645 1145 1677 Confiuxit
1168 1647 1210 1678 ad
1234 1648 1406 1687 praesidia.

930 1731 961 1763 6.
988 1731 1102 1762 Plenus
1126 1733 1161 1762 tu
1185 1741 1257 1764 rore
1282 1732 1470 1776 pneumatis,

986 1777 1124 1809 Diffusus
1150 1787 1182 1809 es
1208 1789 1265 1819 pro
1292 1780 1405 1812 ceteris

986 1824 1024 1856 In
1048 1824 1139 1857 novis
1165 1828 1197 1857 et
1219 1827 1252 1858 111
1278 1827 1394 1859 veteris

987 1872 1140 1904 coruscas
1166 1875 1197 1904 et
1217 1873 1250 1905 iu
1275 1874 1427 1914 mysticis.

931 1956 962 1988 7.
989 1956 1013 1988 Ο
1039 1957 1150 1988 summi
1176 1957 1234 1989 Dei
1260 1958 1406 1999 famulus,

990 2002 1156 2035 Collaudat
1180 2008 1212 2036 te
1237 2006 1420 2046 catholicus,

988 2049 1082 2082 Cuius
1107 2059 1164 2082 nos
1190 2052 1290 2083 dulcis
1313 2053 1430 2086 iubilus

986 2096 1125 2129 Devotos
1150 2098 1266 2130 reddat
1291 2099 1432 2139 caelitus,

932 2180 965 2212 ὃ.
989 2181 1039 2222 Ut
1060 2189 1120 2220 per
1141 2184 1198 2212 tua
1220 2176 1367 2222 dogma'ta

991 2228 1164 2267 sequamur
1188 2230 1276 2269 reg-ni
1300 2231 1445 2269 praemia

990 2275 1053 2306 Per
1077 2277 1132 2305 tua
1156 2278 1186 2306 et
1211 2276 1361 2317 suffragia

988 2320 1201 2357 1ucundemur
1224 2323 1257 2354 in
1282 2325 1418 2357 saecula.

323 2399 401 2428 Orat.
423 2408 474 2426 ms.
496 2399 680 2428 Carthusian.
701 2410 775 2430 saec.
799 2400 841 2430 15.
864 2402 932 2430 Cod.
954 2404 1048 2441 Capit.
1068 2406 1216 2435 Treviren.
1237 2406 1299 2437 116.
