1655 2573
707 126 964 161 —190—

231 232 261 263 9.
285 227 403 263 manhu
429 228 506 261 dicit
531 229 605 258 tunc
630 223 766 256 obscena

336 275 428 307 Plebs
454 283 527 306 vere
549 270 749 307 miserabiliS,

288 322 417 361 Quando
442 320 540 353 nubes
566 327 656 358 quam
682 323 794 347 serena

334 368 402 399 Nec
429 367 470 398 ad
495 364 664 405 pluendum
690 360 805 393 habilis

286 415 406 446 Manna
428 412 519 452 pluit,
544 410 613 441 Deo
635 409 732 448 plena

335 460 428 497 Virgo
453 455 642 488 venerabilis

289 505 340 537 Sic
364 505 484 544 prolem
510 503 595 544 parit
618 502 686 532 sine
705 506 808 539 poena.

334 551 438 583 Carne
460 557 589 580 manens
613 546 748 579 stabilis.

206 655 259 687 10.
285 651 450 687 Audenter
464 651 543 692 dico,
566 650 648 690 quod
662 649 715 680 1116
726 648 808 688 lapis

333 699 393 731 Est
416 699 504 738 virgo
530 696 764 734 fecundissima,

288 747 445 786 Israelita,
474 754 533 784 per
558 752 650 784 quam
675 742 763 782 capis

336 794 472 826 Fluenta
497 790 724 831 potentissima,

290 841 324 873 Si
349 840 455 879 lingua
477 838 581 870 cordis
606 839 692 868 reete
713 835 809 874 sapis,

337 886 423 924 Quae
447 886 542 917 mella
564 883 765 922 sapidissima

290 933 443 966 Producit
464 932 532 974 illa,
556 931 635 963 11366
659 933 706 962 est
731 929 800 970 apis

336 979 459 1020 Sponsa
482 978 707 1017 placidissima.

876 218 929 251 11.
954 214 1047 249 Raab
1071 213 1151 246 haee
1168 213 1219 243 est
1233 218 1292 242 nos
1308 216 1367 248 per
1384 207 1484 246 plana.

1002 260 1178 294 Prohibens
1203 256 1352 289 incedere

956 310 1000 341 Et
1024 308 1176 340 virtutum
1200 313 1260 344 per
1286 304 1436 334 montana

1003 354 1161 387 Solarium
1187 350 1370 391 ascendere,

958 401 1116 434 Gedeonis
1142 400 1220 431 haec
1245 400 1293 428 est
1317 396 1401 435 13113,

1002 442 1482 487 Rosinquamscitdescendere‚

958 495 1010 528 Sic
1036 494 1123 534 virgo
1149 501 1243 525 carne
1267 491 1324 522 sub
1344 490 1499 522 humana*

1005 541 1073 574 Seit
1087 542 1187 573 Deum
1204 536 1483 579 comprehendere.

879 600 932 632 12.
958 595 1026 631 Ista
1050 601 1099 629 est
1123 596 1268 628 columba
1291 603 1399 635 gnara,

1006 646 1093 684 Quae
1117 644 1232 676 olivam
1258 641 1378 683 retulit,

959 692 1020 724 Est
1045 693 1076 724 et
1100 692 1180 723 haec
1203 689 1308 722 fidelis
1333 687 1422 728 Sara,

1007 739 1093 777 Quae
1113 737 1262 770 ancillam
1286 736 1418 774 expulit,

961 786 1051 818 Haec
1076 788 1123 816 est
1139 784 1260 817 Rachel
1280 791 1373 822 quam
1391 789 1484 822 prae—

1263 829 1359 868 clara,

1009 879 1096 918 Quae
1110 878 1194 909 hune
1209 876 1324 915 ioseph
1342 876 1486 914 protulit,

963 926 1031 966 Qui,
1059 926 1132 957 dum
1155 933 1255 964 grana
1279 922 1385 955 forent
1402 930 1485 960 cara,

1011 973 1162 1005 Israelem
1187 969 1358 1003 transtulit.

549 1062 604 1095 13.
627 1059 686 1095 Est
712 1061 791 1092 haec
814 1060 902 1098 virgo
927 1067 988 1090 non
1012 1065 1140 1095 annosa,

672 1107 874 1140 Praeclusum
899 1104 1019 1137 habens
1044 1105 1176 1140 uterum,

628 1155 726 1194 Quam
750 1153 856 1193 proles
879 1152 955 1184 beat
976 1159 1129 1192 generosa

672 1201 760 1233 Deus
785 1201 817 1231 et,
839 1200 922 1231 hune
947 1206 1080 1237 puerum

626 1249 661 1279 In
687 1247 771 1287 Hely
796 1247 873 1278 sede
896 1245 1034 1285 glon'osa

674 1294 783 1333 Loeat,
810 1293 892 1324 sieut
914 1294 1057 1324 veterum

628 1341 755 1380 Scripta
777 1342 909 1371 narrant
932 1339 1062 1378 seriosa,

673 1387 718 1418 Ut
740 1387 783 1418 sit
806 1386 889 1417 ultor
913 1385 1076 1417 scelerum¹

824 1514 861 1548 V.

887 1601 918 1632 3.
940 1595 1059 1632 ’,11161161
1082 1597 1146 1629 iste,
1169 1606 1226 1636 pro
1252 1597 1424 1629 monarcha

993 1644 1103 1676 Privat
1127 1653 1185 1676 nos
1209 1644 1388 1685 praeputio,

946 1690 1129 1730 cytharista
1154 1699 1259 1722 coram
1286 1690 1384 1722 archa

242 1627 249 1634 .
276 1597 362 1634 Haec
373 1604 423 1632 est
433 1600 560 1640 Esther,
574 1609 666 1639 quam
679 1600 819 1631 Asuerus

343 1647 442 1678 Audit
467 1657 498 1678 111
525 1647 687 1683 vestibulo,

274 1694 318 1727 Ut
342 1696 486 1732 equester
508 1694 612 1724 Amau
637 1691 722 1724 ferus

325 1740 451 1772 pendat
475 1741 509 1771 in
534 1739 686 1780 patibulo,

276 1786 425 1825 Haecque
449 1786 556 1818 Iudith
579 1785 746 1817 Holoferni

323 1833 422 1865 Saevo
447 1835 606 1873 tamquam
630 1833 747 1864 tribulo

277 1879 381 1919 Caput
405 1880 502 1921 cudit,
528 1881 610 1911 sieut
635 1880 721 1911 cerni

322 1926 423 1958 Datur
447 1927 481 1958 in
506 1926 649 1959 latibulo.

217 2013 248 2044 2.
274 2008 426 2044 Virtuosa
450 2012 562 2043 Annae
586 2013 669 2053 nata,

321 2057 449 2097 Abigail
473 2068 565 2098 quam
589 2059 720 2098 typicat,

277 2104 322 2138 Ut
344 2113 468 2136 morosa
492 2106 648 2136 advocata

322 2152 384 2182 Per
408 2154 440 2181 te
464 2151 568 2183 Nabal
588 2152 735 2192 replicat,

275 2197 366 2229 Haeo
389 2200 435 2228 est
460 2206 538 2236 pera
553 2197 669 2231 David,
696 2198 736 2228 de
759 2207 821 2237 qua

324 2244 413 2275 Tune
437 2243 578 2283 lapillum
605 2245 743 2283 explicat

275 2291 319 2323 Et
342 2298 453 2322 revera
475 2295 581 2322 mente
605 2298 704 2330 aequa

323 2338 401 2371 Cum
425 2336 518 2369 Golia
544 2337 682 2371 dimicat.

993 1738 1096 1770 Saltat
1117 1738 1187 1768 sine
1211 1737 1306 1776 vitio3

946 1784 982 1816 In
1007 1792 1157 1816 aerumna
1181 1787 1218 1815 ut
1241 1784 1350 1823 agonis

991 1830 1061 1863 Eva
1085 1833 1131 1862 est
1155 1830 1300 1871 pollutio,

945 1877 999 1909 Sic
1027 1878 1153 1909 alumna
1176 1877 1352 1909 Salomonis

993 1926 1022 1957 A
1046 1933 1105 1957 vae
1130 1927 1178 1956 est,
1200 1924 1329 1956 solutio.

888 2012 920 2043 4.
947 2007 1016 2042 lsta
1040 2010 1149 2041 classis
1175 2013 1232 2051 est,
1259 2018 1352 2050 quam
1377 2010 1495 2042 struxit

994 2057 1142 2090 Salomon
1171 2056 1324 2096 pacificus

945 2104 990 2136 Et
1015 2112 1084 2135 cum
1108 2105 1222 2136 massis
1248 2104 1318 2135 auri
1345 2103 1437 2138 duxit

992 2151 1116 2183 Gnarus
1142 2152 1238 2183 maris
1264 2152 1418 2190 nauticus,

946 2197 1100 2236 Quodque
1119 2198 1238 2238 par'sis
1255 2198 1370 2229 stenae
1385 2198 1498 2237 maris,

994 2244 1092 2275 Novit
1117 2253 1174 2276 rex
1198 2244 1356 2276 Arabicus

949 2291 1055 2331 Atque
1078 2291 1220 2332 Thateis,
1247 2293 1373 2331 quando
1398 2293 1486 2332 paris

997 2338 1098 2377 Hunc,
1125 2339 1178 2378 qui
1203 2341 1251 2370 est
1275 2338 1436 2372 mirificus.
