1655 2573
699 138 952 177 -165—

273 235 346 279 Oro,
374 236 451 268 licet
473 237 582 278 lingua
604 237 710 278 balba,

189 284 244 317 50.
271 282 368 314 Veste
394 284 481 316 clara
504 294 554 317 me
580 285 704 327 dealba,

271 330 361 363 Sicut
384 331 515 363 Mauros
542 333 707 374 dealbasti,

270 376 353 415 Quos
370 378 411 410 ad
431 379 592 411 Christum
606 380 794 420 convocasti,

946 239 991 271 Ut
1014 239 1047 270 in
1071 241 1172 271 morte
1194 237 1288 280 laete,
1315 242 1440 280 compte

947 285 1000 317 Sic
1016 294 1177 318 occurram
1192 296 1308 326 sponso
1325 289 1472 327 prompte

869 334 923 367 55.
949 333 1003 365 Ad
1029 334 1164 365 convivii
1189 334 1329 365 solamen

947 380 986 412 In
1003 379 1099 411 caelis
1116 390 1186 413 cum
1203 382 1331 413 sanctis.
1357 381 1469 414 Amen.

252 443 331 469 Orat.
352 451 405 469 ms.
427 443 613 471 Carthusian.
634 452 709 472 saec.
729 442 773 471 15.
805 443 873 471 Gnd.
898 444 991 480 Capit.
1011 445 1162 473 Treviren.
1184 443 1246 474 116.

598 544 660 576 310.
691 544 734 575 Dc
755 545 861 576 santco
881 545 1048 576 Matthaeo.

188 611 220 643 1.
248 611 272 643 O
298 613 472 654 Matthaee,
495 614 646 645 virtutum
670 613 739 650 flos,

244 658 290 690 Te
316 659 430 699 rigavit
457 660 592 691 caelicus
617 669 681 700 rOS,

291 705 458 737 Mundana
484 706 557 737 dum
582 706 713 747 liquisti,

244 751 328 782 Dum
353 754 425 795 φῶς
451 752 568 785 Christi
593 755 624 784 te
649 753 776 793 reluxit,

247 798 325 830 Mox
349 800 526 840 apostolum
549 800 710 840 produxit,

291 845 344 878 Sic
370 846 496 878 Christo
522 847 704 880 adhaesisti.

187 903 219 935 2.
245 901 454 943 Evangelium
479 903 645 943 scripsisti,

246 950 283 980 In
309 958 369 988 quo
394 950 545 981 mundum
571 950 705 981 docuisti

289 995 438 1027 Semitam
468 997 622 1034 veritatis,

244 1042 418 1081 Aethiopes
444 1043 643 1074 saevissimos

244 1089 296 1120 Ad
321 1088 417 1121 fidem
442 1090 674 1129 placatissimos

290 1136 395 1177 Egisti
422 1137 560 1168 deitatis.

866 616 896 646 3.
924 614 1020 653 Signa
1043 623 1157 655 magna
1181 615 1389 656 complevisti,

923 660 1034 699 Magos
1058 662 1170 700 templi
1197 662 1354 702 dirimisti,

970 708 1048 739 Post
1078 707 1158 739 hacc
1181 716 1350 747 perpessus
1375 708 1469 747 plura

924 753 1078 786 Coronam
1102 755 1253 794 martyris
1278 755 1407 785 tandem

921 800 1069 831 Meruisti
1094 805 1126 832 et
1152 801 1283 833 eandem

968 847 1007 879 In
1032 847 1142 879 altaris
1169 848 1301 879 cultura.

865 905 896 935 4.
923 903 976 934 Sic
1000 913 1019 935 a
1043 906 1132 944 tergo
1156 904 1387 936 transvibratus

921 950 1000 981 Diro
1027 958 1101 981 ense
1125 960 1158 982 es
1182 954 1336 982 mactatus

970 996 1016 1029 Ob
1041 995 1137 1029 fidem
1164 998 1343 1029 electorum.

923 1042 976 1074 Sic
1001 1043 1135 1075 decessit
1162 1053 1253 1075 carus
1277 1044 1348 1086 Dei,

921 1090 981 1129 Qui
1006 1098 1063 1121 nos
1087 1090 1197 1132 iungat
1221 1100 1341 1122 summo
1365 1091 1433 1130 regi

968 1137 1005 1168 In
1030 1136 1137 1169 iubilis
1163 1138 1332 1170 caelorum.

248 1201 328 1228 Orat.
356 1209 409 1228 ms.
431 1201 615 1228 Carthasian.
636 1209 711 1228 saec.
736 1199 780 1228 15.
814 1200 882 1228 Cod.
904 1198 998 1236 Capit.
1017 1200 1166 1229 Treviren.
1194 1200 1256 1228 116.
1276 1201 1312 1229 A.
1333 1217 1369 1222 —
1390 1202 1469 1230 Orat.

169 1247 222 1265 ms.
249 1246 324 1265 saec.
347 1236 390 1265 15.
429 1238 498 1266 Cod.
519 1239 775 1273 Guelfenbyteran.
810 1236 881 1265 1433
906 1236 1127 1274 (Helmstadien.
1157 1237 1240 1273 1320)
1273 1239 1306 1266 B.
1332 1253 1369 1258 —
1395 1237 1423 1273 1,
1451 1238 1471 1267 4

166 1276 244 1303 Dum
265 1284 327 1311 pos.
348 1274 381 1303 B.
403 1290 435 1294 —
469 1275 498 1309 1,
526 1274 543 1303 5
564 1276 635 1303 Mox
661 1279 689 1303 et
716 1276 826 1310 alpium
845 1275 983 1311 produxit
1001 1276 1035 1302 A.
1056 1290 1091 1294 -—
1113 1275 1138 1310 2,
1160 1275 1178 1303 2
1192 1277 1264 1304 1nde
1283 1277 1421 1304 mundum
1433 1277 1468 1312 B,

166 1313 296 1340 didicisti
317 1313 351 1340 A.
374 1328 391 1332 -
438 1312 465 1347 4,
489 1313 502 1340 1
525 1313 594 1341 Sica
613 1323 681 1350 ergo
702 1314 913 1341 transvibratus
933 1313 967 1340 A.
988 1327 1025 1332 —
1044 1312 1070 1347 4,
1092 1312 1109 1341 5
1129 1316 1232 1350 iunget
1248 1315 1281 1342 Β.

611 1404 665 1436 311.
695 1405 739 1435 De
760 1405 866 1435 saneto
886 1404 1028 1435 Matthia.

184 1475 215 1507 1.
243 1474 342 1505 Serve
367 1474 427 1505 Dei
452 1475 640 1517 venerande,

237 1521 262 1553 O
287 1521 435 1561 Matthia,
463 1524 495 1552 et
519 1521 664 1561 amande,

284 1568 438 1600 Candoris
462 1568 517 1599 lux
543 1568 712 1608 caelorum,

236 1615 282 1646 Te
308 1615 403 1655 elegit
427 1624 495 1647 sors
522 1615 630 1647 divina

236 1662 335 1694 Iudae
364 1665 548 1702 praestante
572 1663 664 1694 ruina

285 1709 408 1741 Sortem
434 1710 658 1749 apostolorum.

179 1767 210 1798 2.
237 1766 275 1798 In
301 1775 364 1805 qua
388 1764 512 1805 fulgens
540 1766 633 1806 digno
658 1775 755 1805 more,

236 1813 353 1845 Divino
379 1816 464 1844 statu
490 1816 522 1843 et
548 1813 662 1844 decore

284 1860 443 1892 Virtutum
472 1860 611 1899 deitatis,

235 1907 369 1941 Florens
404 1911 492 1939 tuum
519 1908 634 1948 dogma
658 1906 787 1946 dignum

235 1955 272 1987 In
297 1955 418 1988 Iudaea
444 1958 476 1986 et
499 1954 668 1994 benignum

283 2002 475 2043 Exemplum
500 2002 690 2036 sanctitatis,

863 1475 893 1507 3.
918 1474 1010 1505 Viam
1035 1473 1097 1505 Dei
1118 1475 1168 1506 sic
1192 1475 1313 1514 rexisti,

919 1521 1039 1552 Multos
1063 1522 1163 1553 malos
1190 1522 1319 1553 erexisti

964 1568 1012 1599 De
1038 1568 1110 1600 lacu
1133 1568 1294 1609 infernali,

918 1614 1064 1647 Infinitos
1087 1619 1162 1656 post
1185 1616 1322 1658 labores,

918 1661 1015 1702 Signa
1037 1671 1151 1703 magna
1176 1666 1207 1694 et
1231 1663 1363 1695 sudores

966 1710 1065 1741 Vinea
1088 1710 1243 1742 aeternali

857 1767 890 1798 4.
915 1765 1101 1797 Passionem
1129 1768 1325 1806 complevisti

915 1812 961 1844 Et
985 1816 1117 1846 aeterna
1140 1814 1280 1846 introisti

963 1860 1088 1892 Divinis
1114 1862 1316 1895 candoribus

916 1907 941 1939 Ο
969 1908 1128 1939 caelorum
1156 1909 1321 1947 luminare,

916 1954 966 1986 Ibi
990 1958 1132 1986 nostrum
1158 1957 1330 1988 recordare

962 2001 1088 2033 Nostris
1113 2003 1147 2034 in
1170 2003 1376 2035 maeroribus.

242 2068 322 2095 Orat.
342 2077 395 2095 ms.
417 2067 602 2095 Carthusian.
629 2075 704 2095 saec.
728 2065 771 2094 15.
806 2066 875 2094 Cod.
898 2066 992 2102 Capit.
1011 2067 1162 2095 Treviren.
1186 2066 1249 2096 116.
1268 2068 1303 2095 A.
1329 2083 1366 2087 ——
1387 2068 1466 2096 Orat.

161 2115 214 2135 ms.
242 2114 320 2134 saec.
344 2105 387 2133 15.
424 2106 492 2133 Cod.
519 2105 774 2140 Guelfenbyteran.
802 2102 884 2132 1433.
907 2104 1122 2139 (Helmstadien
1149 2104 1241 2142 1320).
1262 2107 1295 2133 Β.
1322 2120 1359 2125 -
1387 2104 1417 2140 1,
1449 2106 1466 2134 5

162 2147 311 2181 perstante
331 2145 363 2172 Β.
385 2160 422 2164 -
442 2141 467 2178 2,
490 2141 508 2170 2
527 2143 606 2171 Eine
625 2143 707 2171 Silbe
727 2152 762 2170 zu
784 2143 860 2179 viel;
877 2143 932 2170 lies
952 2143 1051 2170 Divo?

600 2234 661 2266 312.
692 2235 736 2266 De
756 2235 863 2266 sancto
882 2234 1038 2266 Mauritio.

176 2310 207 2341 1.
235 2307 357 2347 Gaude,
383 2315 474 2339 sacer
500 2306 564 2338 dux
589 2305 733 2346 Mauriti,

233 2354 409 2386 Praefnisti
433 2357 539 2386 mente
563 2354 633 2385 miti

280 2401 502 2435 Thebaeorum
525 2401 637 2445 coetui,

917 2305 1000 2344 Quos
1024 2305 1145 2338 iussisti
1169 2316 1231 2339 non
1256 2307 1361 2347 reniti,

916 2353 967 2385 Ne
991 2353 1033 2385 ad
1057 2357 1192 2386 mortem
1214 2354 1262 2386 sic
1284 2354 1377 2386 inviti

966 2400 1174 2434 Subiacerent
1196 2402 1305 2435 metui.
