1655 2573
537 261 591 294 15.

536 662 589 694 16.

535 1060 588 1094 17.

535 1459 589 1492 18.

541 1858 594 1891 19.

541 2260 595 2292 20.

743 163 998 199 —196—

616 256 782 294 Nascentis
809 258 927 291 Christi
951 258 1088 289 clemens
1112 255 1169 288 illa

615 307 661 339 Es
687 307 773 347 virgo
798 307 899 338 mater
923 307 955 336 et
979 304 1103 341 ancilla,

619 354 715 393 Quam
740 352 849 393 prodit
874 352 1027 391 decuplex
1052 349 1175 390 Sibylla

664 399 814 433 Sollemni
837 398 998 439 vaticinio,

617 447 663 478 Te
687 445 828 486 quamvis
855 445 894 477 de
918 445 1038 477 Iudaea
1061 445 1154 484 gente

615 493 710 525 Plebs
734 492 832 524 stulta
854 494 947 531 neget
972 500 1066 523 caeca
1088 492 1202 531 mente,

615 539 760 579 Nugaces
786 537 1016 572 defraudantur
1039 539 1125 570 lente

664 586 788 618 Fallaci
813 585 1000 624 patrocinio.

614 658 754 695 Naturae
780 659 882 692 carnis
906 660 1028 699 prolem
1052 667 1178 699 parens,

616 708 740 740 Garnali
767 708 859 747 gustu
883 714 1013 746 prorsus
1039 713 1160 746 carens,

616 755 665 786 Tu
688 754 789 794 gignis
813 751 921 784 florem
946 753 1038 784 radix
1064 760 1166 793 arens,

661 801 707 833 Ut
730 799 827 832 sentit
850 800 899 831 vir
922 799 1096 840 theologuS‚

618 847 789 879 Praeclara
813 846 900 885 virgo
926 849 961 877 tu
985 854 1028 886 es,
1054 847 1158 878 Iesum

615 893 700 931 Quae
723 893 834 932 nutris,
859 892 933 923 huic
956 893 1111 931 praebens
1137 900 1232 933 esum,

616 940 782 971 Testamen
809 939 858 970 cui
884 939 938 970 dat
961 939 1102 970 illaesum

662 986 853 1018 Albumasar
876 986 1061 1025 astrologus.

613 1057 751 1099 Impleta
774 1060 842 1091 Deo
866 1062 900 1090 tu
923 1059 1043 1100 lagena,

616 1107 665 1138 Tu
688 1107 805 1146 hydria
829 1104 950 1138 farinae
970 1106 1065 1145 plena

617 1153 662 1184 Et
684 1153 869 1184 miserorum
893 1154 928 1183 tu
953 1161 1100 1184 crumena

663 1199 774 1231 Serata
799 1207 865 1230 cum
892 1199 1042 1242 sollertia,

615 1245 736 1277 Nociva
760 1245 916 1285 stringens
939 1247 972 1276 tu
998 1248 1117 1286 catena,

615 1291 856 1324 Rhinocerontis
880 1294 915 1322 tu
937 1291 1071 1333 habena,

614 1339 755 1370 Leonem
779 1346 956 1378 praegnans
981 1341 1016 1370 tu
1040 1339 1152 1370 leaena

664 1384 847 1424 Surgentem
876 1384 927 1416 die
950 1385 1054 1417 tertia.

614 1456 753 1491 Pulchra
775 1462 810 1490 tu
834 1460 901 1489 tota
925 1467 958 1489 es
984 1460 1093 1500 amica,

617 1505 749 1544 Decem,
776 1505 880 1536 suavis
905 1509 937 1537 et
958 1506 1084 1545 pudica,

616 1552 654 1583 In
678 1554 710 1582 te
734 1560 792 1582 nec
814 1551 881 1582 ulla
903 1560 1000 1591 rugae
1023 1553 1108 1591 plica

666 1598 725 1629 Vel
750 1597 867 1629 fomitis
893 1600 941 1629 est
964 1599 1096 1638 macula,

616 1645 655 1676 In
678 1644 802 1676 Iericho
824 1645 859 1674 tu
882 1642 996 1675 florens
1021 1653 1103 1685 rosa,

618 1691 710 1723 Oliva
734 1690 836 1730 campi
859 1691 1011 1730 speciosa,

617 1737 666 1769 Tu
691 1738 789 1778 fusca,
815 1736 915 1776 nigra,
942 1738 999 1769 sed
1024 1737 1162 1770 formosa

663 1784 709 1816 Ut
734 1784 836 1816 Cedar
860 1784 1073 1818 tabernacula.

619 1856 797 1898 Accingens
822 1858 924 1890 Deum
947 1861 983 1891 tu
1008 1868 1040 1891 es
1065 1860 1187 1900 hamus,

618 1904 840 1945 Constringens
864 1904 986 1937 hostem
1007 1908 1043 1937 tu
1067 1914 1100 1938 es
1126 1906 1263 1949 chamus,

619 1952 729 1984 Olivae
752 1952 840 1992 pacis
863 1950 979 1984 florens
1003 1961 1120 1994 ramuS,

662 1999 850 2039 Astringens
873 2000 961 2038 pacis
986 1999 1125 2043 foedera,

617 2045 753 2078 Illaesus
778 2046 893 2078 ardens
916 2049 951 2078 tu
976 2056 1009 2079 es
1036 2047 1156 2089 dumuS‚

620 2093 716 2132 Quem
740 2093 916 2133 pneumatis
941 2093 1109 2126 obumbrat
1132 2093 1247 2136 fumus,

621 2140 800 2171 Producens
824 2148 962 2171 vermem
986 2144 1022 2172 tu
1046 2150 1079 2173 es
1103 2141 1224 2182 humus,

666 2187 731 2226 Quo
754 2188 852 2218 Ionae
871 2187 954 2225 perit
977 2188 1106 2220 hedera.

621 2257 751 2292 Pudicis
776 2261 892 2291 trinum
916 2261 1073 2302 stringens
1097 2261 1185 2303 loris,

620 2306 666 2337 Tu
691 2306 820 2346 laqueus
843 2314 876 2337 es
897 2309 1065 2349 venatoris,

622 2353 671 2384 Tu
694 2356 763 2384 rete
786 2354 898 2385 summi
921 2354 1098 2397 piscatoris,

666 2400 714 2433 Tu
738 2401 820 2434 altus
845 2401 940 2434 Iacob
965 2404 1089 2444 puteus,
