1655 2573
621 120 877 163 -117-

105 219 137 253 2.
165 219 287 262 Gaude,
314 220 388 262 quia
414 221 495 254 dono
521 223 637 256 Christi
787 226 817 258 3.
846 223 967 266 Gaude,
994 223 1067 264 quia
1091 220 1262 265 baptizasti

164 267 275 300 Claves
299 268 390 309 regni
412 270 564 309 accepisti
843 271 1000 304 Plurimos
1026 273 1120 310 atque
1144 271 1263 303 sanasti

212 314 374 348 C-aelorum
400 316 544 361 mirifice,
889 318 1070 358 Languidos
1094 317 1269 358 magnifice,

163 362 284 403 Gaude,
311 362 392 402 quod
420 372 453 395 es
478 364 640 396 absolutus
845 364 965 408 Gaude,
994 365 1067 405 quia
1091 365 1212 397 vultum
1237 364 1297 396 Dei

163 408 298 441 Carcere
323 412 418 450 atquc
440 414 564 443 secutus
844 411 953 444 Cernis
979 411 1097 444 fontem
1122 411 1251 451 requiei,

208 456 365 496 Angelum
395 457 516 492 deifice.
887 460 1041 498 Princeps
1066 459 1246 499 apostolice.

503 515 535 547 4.
561 513 585 545 Ο
611 515 754 553 apostole
778 514 878 552 beate,

558 560 607 593 Tu
631 562 734 601 Petre,
760 560 856 601 iunge
879 565 1023 593 sacratae

605 606 732 639 Turbae
755 616 813 639 nos
838 609 1000 647 angelicae

90 709 102 734 t
167 670 246 697 Orat.
276 678 329 697 ms.
359 670 547 698 Trudonense
577 678 651 698 saec.
675 668 718 697 16.
749 672 789 698 in.
816 670 884 698 Cod.
909 671 1048 699 Leodien.
1075 670 1139 699 395.
1166 687 1204 692 —
1231 670 1255 705 1,
1283 671 1300 699 2
1326 681 1391 709 pas-

100 715 194 735 orum.

463 798 530 830 235.
561 799 603 830 De
627 808 666 830 ss.
683 798 824 839 Philippo
846 800 878 831 et
896 800 1016 831 Iacobo.

101 868 131 900 1.
159 868 312 910 Gaudete,
339 869 426 900 luces
453 868 590 908 divinae,
784 871 814 902 3.
843 868 964 910 Gaude,
991 870 1074 910 quod
1099 872 1198 902 iustus
1224 872 1356 904 vocaris,

157 915 282 955 Iacobe,
307 915 466 955 Philippe,
495 915 596 954 binae,
840 916 965 956 Iambe,
992 920 1024 948 et
1046 917 1240 958 praesularis

207 961 317 995 Olivae
342 961 537 1004 fructiferae,
887 963 1011 995 Primus
1035 963 1248 1004 Ierosolymis‚

159 1008 314 1048 Gaudete,
338 1011 465 1040 vestrae
490 1008 654 1041 doctrinae
840 1009 962 1047 Gaude,
989 1011 1064 1050 quia
1088 1010 1207 1042 Christi
1232 1011 1314 1042 caris

158 1055 277 1087 Multos
302 1064 321 1087 a
346 1064 421 1087 casu
444 1055 555 1087 ruinae
839 1056 974 1088 Iudaeos
1000 1057 1159 1097 coniungis
1185 1057 1279 1089 claris

208 1102 384 1135 Salvabant
406 1101 600 1135 mortiferae.
888 1103 1054 1143 Exemplis
1078 1104 1294 1138 sanctissimis

98 1160 130 1192 2.
159 1158 281 1199 Gaude,
309 1158 458 1199 Philippe
482 1157 584 1199 beate,
785 1161 816 1192 4.
844 1159 998 1200 Gaudete,
1023 1169 1096 1192 nam
1119 1169 1199 1192 unus
1223 1169 1317 1193 cruce

158 1205 249 1244 Quod
275 1204 394 1237 sanasti
417 1207 577 1245 potestate
840 1207 950 1240 Caelos
975 1207 1101 1239 scandit
1124 1207 1249 1240 Christo
1276 1208 1364 1249 duce,

205 1251 388 1292 Languores
414 1252 619 1292 credentium,
887 1254 980 1286 Alter
1005 1263 1113 1286 caesus
1137 1254 1268 1295 pertica,

156 1298 279 1339 Gaude,
304 1299 415 1338 plenus
443 1299 574 1331 caritate
838 1301 905 1332 Nos
932 1298 1078 1333 defensos
1102 1301 1195 1333 hoste
1219 1304 1317 1342 truce,

156 1346 246 1385 Quod
273 1348 378 1378 erecta
403 1354 478 1378 crux
506 1349 552 1377 est
577 1356 597 1378 a
621 1350 653 1378 te
839 1348 864 1379 Ο
890 1348 1035 1387 apostoli,
1060 1347 1093 1379 in
1118 1348 1188 1379 luce

206 1392 242 1423 In
266 1392 351 1425 fanis
377 1394 549 1433 gentilium.
885 1394 1047 1426 Collocate
1073 1395 1199 1427 caelica.

161 1457 239 1485 Orat.
253 1466 305 1485 ms.
319 1456 507 1484 Trudonense
521 1465 596 1485 saec.
607 1455 652 1484 16.
671 1458 712 1485 in.
734 1457 802 1485 Cod.
816 1458 956 1485 Leodien.
971 1455 1036 1486 395.
1051 1473 1087 1478 -—
1110 1457 1133 1492 1,
1146 1456 1159 1486 1
1181 1459 1265 1486 lucis.
1278 1474 1318 1478 —
1333 1457 1357 1493 1,
1370 1458 1387 1486 2

86 1497 115 1523 et
133 1495 279 1531 Philippe.
299 1509 336 1513 —
354 1493 381 1530 2,
403 1493 418 1522 1
439 1494 576 1531 Philippe
596 1495 704 1523 doctor.
726 1511 763 1515 —
781 1493 808 1530 2,
830 1494 847 1522 5
868 1495 952 1528 Quod
972 1496 1088 1524 multos.

516 1596 581 1627 236.
610 1595 654 1627 De
674 1597 781 1628 sancto
804 1596 959 1633 Quintillo.

97 1667 128 1699 1.
155 1665 276 1705 Gaude,
302 1669 424 1706 martyr
448 1675 466 1698 0
490 1666 650 1708 Quintine,
779 1668 811 1699 2.
837 1666 961 1707 Gaude,
986 1667 1071 1706 quod
1095 1676 1203 1699 amore
1227 1667 1348 1701 Christi

153 1713 240 1745 Luce
260 1713 382 1753 gratiae
412 1712 538 1745 divinae
834 1715 959 1746 Poenas
983 1723 1095 1754 graves
1119 1715 1280 1756 pertulisti

202 1759 342 1800 Fulgens
366 1760 568 1802 mirabiliter,
881 1761 987 1793 Iesum
1014 1761 1110 1794 corde
1134 1762 1282 1805 gestiens,

158 1807 269 1839 Gaude
293 1807 400 1848 signis,
427 1808 458 1839 vi
485 1807 647 1839 doctrinae
835 1808 956 1849 Gaude,
985 1809 1025 1841 de
1050 1810 1137 1842 caelo
1162 1813 1292 1842 vocatus

155 1854 201 1886 Te
221 1858 329 1894 gentes
355 1863 431 1886 casu
453 1854 564 1887 ruinae
833 1856 944 1888 Polum
967 1855 1095 1889 scandis
1121 1857 1295 1889 decollatus

201 1900 349 1934 Salvasse
373 1901 520 1934 feliciter.
881 1904 920 1935 In
945 1904 1110 1937 columbae
1133 1905 1248 1945 specie.

480 1962 513 1993 3.
528 1960 600 1997 ‚Per
622 1961 656 1991 te
679 1959 771 1992 nobis
797 1960 852 1993 det
874 1961 1030 2001 placatus,

537 2007 631 2039 Alme
655 2010 788 2049 martyr,
814 2016 873 2040 rex
897 2007 1008 2040 beatus

585 2054 730 2087 Christus
751 2055 859 2087 lumen
884 2055 1015 2095 gratiae.

156 2120 236 2149 Orat.
257 2130 310 2149 ms.
333 2119 523 2148 'trudonense
543 2129 619 2149 saec.
642 2119 685 2148 16.
704 2121 745 2147 in.
769 2120 839 2149 eod.
858 2121 998 2149 Leodien.
1020 2119 1084 2149 395.

510 2212 575 2245 237.
609 2212 652 2244 De
672 2213 779 2245 sancto
800 2212 950 2253 Remigio.

94 2286 125 2319 1.
152 2284 271 2323 Gaude,
297 2283 433 2326 Remigi,
458 2285 654 2317 Francorum
837 2284 959 2325 Gaude,
980 2283 1064 2323 quod
1088 2287 1199 2324 raptus
1225 2292 1242 2315 e
1268 2284 1349 2316 cella

150 2332 293 2371 Praesul,
321 2332 409 2366 cuius
433 2332 535 2364 virtus
558 2341 682 2364 morum
836 2332 890 2364 Ad
914 2330 1117 2371 pontificatus
1142 2331 1228 2363 bella

198 2381 284 2413 Ante
308 2382 412 2414 ortum
436 2379 599 2421 panditur,
883 2378 1000 2411 Exstas
1025 2382 1135 2418 pastor
1158 2378 1278 2419 populi.
