1655 2573
656 110 888 150 ...ΞΒ-

500 207 561 240 126.
593 206 699 240 Oratio
720 207 819 239 tertia
841 207 882 238 ad
901 207 1038 239 eandem.

129 295 159 328 1.
183 295 289 339 Ave,
316 305 407 329 sacra
428 296 516 338 virgo
540 299 658 338 Agnes,
810 299 841 332 3.
870 297 1018 335 Gaude,
1044 296 1129 328 mitis
1155 296 1242 329 velut
1265 304 1376 336 agnus,

188 344 337 377 Virtuosa
359 344 449 376 velut
470 353 608 385 magnes,
864 345 911 376 Te
936 343 1049 376 dilexit
1071 343 1157 375 Deus
1181 352 1323 384 magnuS,

186 390 291 422 Iesum
315 400 466 432 sponsum
491 391 624 435 elegisti,
866 392 995 423 Vultum
1019 393 1108 423 tuum
1132 391 1338 432 consignavit,

187 437 262 469 Cum
288 446 347 477 quo
371 439 460 479 virgo
486 438 710 478 permansisti„
866 438 997 479 Angelis
1022 441 1054 470 te
1080 437 1321 471 commendavit.

127 504 160 534 2.
184 502 331 546 Salve,
348 505 490 544 nympha
505 508 541 536 tu
557 505 734 545 praeclara,
808 506 839 536 4.
863 504 982 544 Vale,
1008 504 1127 546 Agnes,
1152 512 1270 544 sponsa
1286 503 1419 543 Christi,

186 550 255 582 Tua
278 559 366 583 mens
392 553 440 583 est
462 551 526 583 Dei
550 561 616 594 ara,
866 551 966 583 Serva
988 560 1045 583 nos
1069 561 1090 583 a
1113 553 1215 583 morte
1239 551 1336 591 tristi,

185 598 223 629 In
249 606 311 637 qua
334 607 424 630 amor
448 597 508 630 Dei
534 598 614 629 arsit
865 597 937 629 Duc
961 598 1003 629 ad
1029 599 1149 630 caelum
1174 598 1349 630 maiestatis

181 643 223 676 Et
250 643 385 676 carnalis
410 653 473 676 non
499 644 638 677 extersit.
868 644 934 675 Nos
959 644 1073 676 laetari
1098 653 1168 676 cum
1193 644 1305 677 beatis.

545 795 606 826 12¹7.
636 795 680 827 De
701 796 809 827 sancta
828 795 995 827 Dorothea.

125 884 157 916 1.
181 883 288 924 Ave,
313 884 402 923 virgo
427 884 574 924 gloriosa,
804 886 837 919 3.
864 883 1026 924 Gaude,
1051 892 1167 924 sponsa
1183 884 1297 916 summi
1316 883 1417 923 ducis,

182 929 344 962 Dorothea
368 939 529 971 generosa,
861 931 913 963 Da
936 939 995 971 spe
1018 928 1082 963 frui
1107 938 1200 963 verae
1221 931 1312 970 lucis,

182 976 234 1009 Ab
260 980 389 1009 aeterno
413 978 603 1018 praeelecta,
858 978 897 1010 In
921 978 1101 1017 amplexum
1128 977 1254 1010 deitatis

179 1023 241 1055 Dei
267 1024 357 1056 donis
385 1025 597 1057 circumtecta.
862 1024 913 1057 Da
937 1033 994 1057 nos
1018 1023 1106 1064 iungi
1132 1033 1201 1056 cum
1226 1025 1338 1056 beatis

123 1091 154 1122 2.
181 1088 326 1128 Salve,
353 1089 446 1122 iubar
469 1090 668 1130 luminosum,
801 1092 831 1123 4.
858 1090 976 1131 Vale,
999 1093 1102 1122 mater
1127 1093 1159 1122 et
1182 1093 1328 1131 patrona,

181 1136 280 1168 Posce
304 1135 398 1169 finem
423 1137 619 1177 gaudiosum,
858 1137 959 1170 Nobis
985 1136 1079 1169 adfer
1104 1137 1222 1170 Christi
1248 1138 1339 1178 dona,

180 1182 231 1215 Ne
254 1183 373 1215 inferni
399 1183 492 1216 chaos
518 1185 662 1227 stringat,
857 1184 905 1217 Ut
927 1186 1061 1225 peccata
1086 1183 1265 1226 defleamus,

180 1230 245 1262 Sed
269 1239 327 1263 nos
352 1231 454 1263 honor
479 1231 558 1263 caeli
583 1231 697 1273 cingat.
860 1232 938 1265 Puri
964 1232 1066 1264 caelos
1091 1232 1309 1265 ascendamus.

475 1387 535 1419 128.
567 1386 673 1420 Oratio
694 1388 829 1419 secunda
849 1387 889 1419 ad
908 1387 1046 1419 eandem.

120 1466 151 1498 1.
179 1466 282 1507 Ave,
308 1465 431 1505 pollens
456 1464 521 1497 fide
544 1467 620 1506 tota,
800 1469 830 1500 3.
859 1465 1016 1510 Gaude,
1044 1467 1198 1499 senatoris
1222 1469 1307 1510 nata,

180 1511 267 1544 Offer
289 1512 358 1544 Deo
382 1514 492 1545 nostra
516 1515 599 1554 vota,
856 1513 951 1546 Rosis
976 1514 1066 1547 novis
1090 1513 1153 1546 iam
1177 1514 1306 1555 stipata,

177 1560 240 1592 Pro
264 1567 326 1599 quo
353 1560 433 1592 dura
455 1560 612 1592 sustulisti
858 1561 948 1594 inter
974 1561 1085 1593 choros
1110 1562 1294 1601 angelorum

175 1606 244 1639 Nee
266 1606 301 1639 in
324 1607 435 1646 poenis
461 1606 617 1642 defecisti.
856 1607 952 1640 Sidus
975 1609 1084 1641 lucens
1107 1612 1144 1640 ut
1168 1609 1326 1642 decorum.

115 1673 148 1705 2.
175 1671 316 1712 Salve,
340 1673 463 1713 lampas
487 1673 675 1714 puellarum,
794 1677 825 1708 4.
851 1674 974 1714 Vale,
1000 1678 1111 1708 sancta
1132 1675 1304 1716 Dorothea,

172 1719 265 1752 Dona
288 1729 398 1760 pacem
422 1721 605 1760 animarum,
851 1723 939 1762 Quae
960 1723 1086 1755 vocaris
1107 1724 1188 1755 caeli
1214 1724 1285 1764 dea,

171 1766 222 1799 Da
246 1766 364 1799 virtute
388 1776 445 1800 nos
469 1767 593 1811 florere,
852 1769 956 1802 Deum
981 1779 1092 1802 verum
1114 1773 1151 1802 tu
1173 1779 1281 1810 exora,

177 1813 303 1847 Christo
328 1823 454 1855 semper
479 1816 683 1857 complacere.
852 1816 898 1850 Ut
921 1818 1082 1852 salvemur
1104 1819 1216 1851 mortis
1240 1819 1330 1852 hora.

484 1948 545 1980 129.
574 1946 682 1981 Oratio
702 1947 802 1981 tertia
823 1949 864 1981 ad
884 1949 1021 1982 eandem.

115 2029 144 2062 1.
171 2029 274 2070 Ave,
302 2029 398 2062 decus
424 2028 588 2071 virginale,
797 2032 828 2064 3.
856 2029 1019 2070 Gaude,
1048 2031 1201 2071 templum
1228 2031 1390 2072 trinitatis,

170 2077 238 2109 Vae
264 2076 388 2118 depelle
414 2076 585 2118 criminale,
855 2079 919 2111 Vas
946 2078 1091 2111 caelestis
1115 2079 1275 2119 puritatis,

172 2123 289 2157 Confer
315 2126 417 2159 bonae
441 2125 527 2158 vitae
552 2133 689 2168 cursum,
854 2126 918 2158 Ora
941 2135 1101 2168 sponsum,
1126 2128 1215 2168 virgo
1239 2129 1340 2168 grata,

169 2172 310 2205 Mentem
339 2172 412 2206 leva
436 2173 563 2206 Christo
588 2182 722 2207 sursum.
852 2173 897 2206 Ut
921 2173 1079 2207 condonet
1103 2174 1183 2207 caeli
1206 2178 1310 2215 prata.

111 2239 142 2272 2.
167 2238 310 2280 Salve,
336 2238 398 2272 Dei
424 2239 525 2273 dulcis
552 2240 641 2280 cella,
793 2242 825 2274 4.
853 2241 973 2282 Vale,
998 2250 1090 2273 soror
1113 2242 1304 2283 angelorum,

166 2286 219 2319 Da
242 2289 371 2327 gustare
397 2287 476 2320 caeli
500 2287 607 2328 mella,
849 2289 918 2322 Nos
936 2289 978 2321 ad
996 2292 1119 2322 coetum
1134 2290 1195 2322 duc
1208 2289 1404 2333 thronorum,

168 2335 244 2367 Pete
267 2334 375 2377 robur,
399 2336 520 2368 micans
544 2334 649 2376 stella,
850 2336 914 2369 Ubi
938 2336 1041 2369 Deum
1068 2337 1276 2379 contemplari

168 2382 287 2417 Contra,
308 2383 409 2416 hostis
434 2383 508 2416 <lira
528 2383 625 2418 bella.
849 2383 1021 2417 Valeamus
1045 2387 1078 2416 et
1100 2385 1225 2422 laetari,
