<?xml version="1.0" encoding="UTF-8"?>
<!DOCTYPE html PUBLIC "-//W3C//DTD XHTML 1.0 Transitional//EN"
    "http://www.w3.org/TR/xhtml1/DTD/xhtml1-transitional.dtd">
<html xmlns="http://www.w3.org/1999/xhtml" xml:lang="en" lang="en">
 <head>
  <title>
</title>
<meta http-equiv="Content-Type" content="text/html;charset=utf-8" />
  <meta name='ocr-system' content='tesseract 3.04.00' />
  <meta name='ocr-capabilities' content='ocr_page ocr_carea ocr_par ocr_line ocrx_word'/>
</head>
<body>
  <div class='ocr_page' id='page_1' title='image "./analectahymnica29drevuoft_00151.png"; bbox 0 0 1655 2573; ppageno 0'>
   <div class='ocr_carea' id='block_1_1' title="bbox 714 135 970 171">
    <p class='ocr_par' dir='ltr' id='par_1_1' title="bbox 714 135 970 171">
     <span class='ocr_line' id='line_1_1' title="bbox 714 135 970 171; baseline 0.004 -1"><span class='ocrx_word' id='word_1_1' title='bbox 714 135 970 171; x_wconf 80' lang='lat'>-148-</span> 
     </span>
    </p>
   </div>
   <div class='ocr_carea' id='block_1_2' title="bbox 215 224 1471 798">
    <p class='ocr_par' dir='ltr' id='par_1_2' title="bbox 215 224 1471 798">
     <span class='ocr_line' id='line_1_2' title="bbox 215 224 1365 270; baseline -0.012 -2"><span class='ocrx_word' id='word_1_2' title='bbox 215 237 244 269; x_wconf 90' lang='lat'><strong>8.</strong></span> <span class='ocrx_word' id='word_1_3' title='bbox 269 235 354 269; x_wconf 83' lang='lat' dir='ltr'><strong>Hinc</strong></span> <span class='ocrx_word' id='word_1_4' title='bbox 375 235 485 266; x_wconf 84' lang='lat' dir='ltr'><strong>labore</strong></span> <span class='ocrx_word' id='word_1_5' title='bbox 509 233 593 266; x_wconf 85' lang='lat' dir='ltr'><strong>facto</strong></span> <span class='ocrx_word' id='word_1_6' title='bbox 615 233 691 266; x_wconf 82' lang='lat' dir='ltr'><strong>satis</strong></span> <span class='ocrx_word' id='word_1_7' title='bbox 885 230 941 264; x_wconf 83' lang='lat'><strong>10.</strong></span> <span class='ocrx_word' id='word_1_8' title='bbox 966 229 1064 270; x_wconf 85' lang='lat' dir='ltr'><strong>Ergo,</strong></span> <span class='ocrx_word' id='word_1_9' title='bbox 1090 228 1192 259; x_wconf 79' lang='lat' dir='ltr'><strong>mater</strong></span> <span class='ocrx_word' id='word_1_10' title='bbox 1216 224 1365 265; x_wconf 83' lang='lat' dir='ltr'><strong>gratiosa,</strong></span> 
     </span>
     <span class='ocr_line' id='line_1_3' title="bbox 271 271 1389 321; baseline -0.012 -7"><span class='ocrx_word' id='word_1_11' title='bbox 271 282 444 314; x_wconf 84' lang='lat' dir='ltr'><strong>Pastoralis</strong></span> <span class='ocrx_word' id='word_1_12' title='bbox 471 281 632 321; x_wconf 82' lang='lat' dir='ltr'><strong>dignitatis</strong></span> <span class='ocrx_word' id='word_1_13' title='bbox 967 277 1083 310; x_wconf 80' lang='lat' dir='ltr'><strong>Patens</strong></span> <span class='ocrx_word' id='word_1_14' title='bbox 1110 272 1266 305; x_wconf 82' lang='lat' dir='ltr'><strong>castitatis</strong></span> <span class='ocrx_word' id='word_1_15' title='bbox 1291 271 1389 311; x_wconf 82' lang='lat' dir='ltr'>glosa,</span> 
     </span>
     <span class='ocr_line' id='line_1_4' title="bbox 321 318 1383 365; baseline -0.011 -5"><span class='ocrx_word' id='word_1_16' title='bbox 321 328 449 362; x_wconf 82' lang='lat' dir='ltr'><strong>cessisti</strong></span> <span class='ocrx_word' id='word_1_17' title='bbox 476 327 590 365; x_wconf 81' lang='lat' dir='ltr'><strong>officio,</strong></span> <span class='ocrx_word' id='word_1_18' title='bbox 1015 323 1171 355; x_wconf 84' lang='lat' dir='ltr'><strong>1usto1-um</strong></span> <span class='ocrx_word' id='word_1_19' title='bbox 1198 318 1383 359; x_wconf 86' lang='lat' dir='ltr'><strong>tripudium,</strong></span> 
     </span>
     <span class='ocr_line' id='line_1_5' title="bbox 274 365 1402 415; baseline -0.012 -7"><span class='ocrx_word' id='word_1_20' title='bbox 274 376 396 415; x_wconf 80' lang='lat' dir='ltr'><strong>Sponso</strong></span> <span class='ocrx_word' id='word_1_21' title='bbox 418 379 473 407; x_wconf 85' lang='lat' dir='ltr'><strong>tuo</strong></span> <span class='ocrx_word' id='word_1_22' title='bbox 497 374 546 407; x_wconf 83' lang='lat' dir='ltr'><strong>sic</strong></span> <span class='ocrx_word' id='word_1_23' title='bbox 568 373 625 406; x_wconf 82' lang='lat' dir='ltr'><strong>abs</strong></span> <span class='ocrx_word' id='word_1_24' title='bbox 650 382 726 405; x_wconf 84' lang='lat' dir='ltr'><strong>cura</strong></span> <span class='ocrx_word' id='word_1_25' title='bbox 968 367 1169 402; x_wconf 77' lang='lat' dir='ltr'><strong>Consolatrix</strong></span> <span class='ocrx_word' id='word_1_26' title='bbox 1194 365 1402 404; x_wconf 87' lang='lat' dir='ltr'><strong>infirmorum,</strong></span> 
     </span>
     <span class='ocr_line' id='line_1_6' title="bbox 276 415 1377 460; baseline -0.011 -6"><span class='ocrx_word' id='word_1_27' title='bbox 276 422 370 454; x_wconf 81' lang='lat' dir='ltr'><strong>Casta</strong></span> <span class='ocrx_word' id='word_1_28' title='bbox 393 422 470 460; x_wconf 82' lang='lat' dir='ltr'><strong>vita,</strong></span> <span class='ocrx_word' id='word_1_29' title='bbox 495 425 600 453; x_wconf 81' lang='lat' dir='ltr'><strong>mente</strong></span> <span class='ocrx_word' id='word_1_30' title='bbox 623 429 703 460; x_wconf 85' lang='lat' dir='ltr'><strong>pura</strong></span> <span class='ocrx_word' id='word_1_31' title='bbox 967 415 1169 456; x_wconf 80' lang='lat' dir='ltr'><strong>Hospitatrix</strong></span> <span class='ocrx_word' id='word_1_32' title='bbox 1199 421 1377 453; x_wconf 84' lang='lat' dir='ltr'><strong>egenorum,</strong></span> 
     </span>
     <span class='ocr_line' id='line_1_7' title="bbox 319 457 1401 501; baseline -0.01 -1"><span class='ocrx_word' id='word_1_33' title='bbox 319 468 426 501; x_wconf 86' lang='lat' dir='ltr'><strong>Servis</strong></span> <span class='ocrx_word' id='word_1_34' title='bbox 449 468 483 499; x_wconf 90' lang='lat' dir='ltr'><strong>in</strong></span> <span class='ocrx_word' id='word_1_35' title='bbox 509 467 621 499; x_wconf 87' lang='lat' dir='ltr'><strong>cilicio.</strong></span> <span class='ocrx_word' id='word_1_36' title='bbox 1013 463 1210 495; x_wconf 81' lang='lat' dir='ltr'>Maestorum</span> <span class='ocrx_word' id='word_1_37' title='bbox 1235 457 1401 498; x_wconf 82' lang='lat' dir='ltr'><strong>refugium.</strong></span> 
     </span>
     <span class='ocr_line' id='line_1_8' title="bbox 217 515 1431 563; baseline -0.01 -6"><span class='ocrx_word' id='word_1_38' title='bbox 217 527 249 558; x_wconf 84' lang='lat'><strong>9.</strong></span> <span class='ocrx_word' id='word_1_39' title='bbox 275 525 379 557; x_wconf 78' lang='lat' dir='ltr'><strong>Carne</strong></span> <span class='ocrx_word' id='word_1_40' title='bbox 402 526 515 563; x_wconf 82' lang='lat' dir='ltr'><strong>sponte</strong></span> <span class='ocrx_word' id='word_1_41' title='bbox 537 522 717 563; x_wconf 76' lang='lat' dir='ltr'><strong>maceraris,</strong></span> <span class='ocrx_word' id='word_1_42' title='bbox 888 521 942 555; x_wconf 83' lang='lat'><strong>11.</strong></span> <span class='ocrx_word' id='word_1_43' title='bbox 968 519 1103 558; x_wconf 85' lang='lat' dir='ltr'><strong>Gregem</strong></span> <span class='ocrx_word' id='word_1_44' title='bbox 1126 519 1214 548; x_wconf 89' lang='lat' dir='ltr'><strong>tuum</strong></span> <span class='ocrx_word' id='word_1_45' title='bbox 1240 519 1274 547; x_wconf 86' lang='lat' dir='ltr'><strong>tu</strong></span> <span class='ocrx_word' id='word_1_46' title='bbox 1295 515 1431 553; x_wconf 78' lang='lat' dir='ltr'><strong>custodi,</strong></span> 
     </span>
     <span class='ocr_line' id='line_1_9' title="bbox 272 561 1471 610; baseline -0.008 -8"><span class='ocrx_word' id='word_1_47' title='bbox 272 572 319 604; x_wconf 88' lang='lat' dir='ltr'><strong>Ut</strong></span> <span class='ocrx_word' id='word_1_48' title='bbox 345 571 472 602; x_wconf 82' lang='lat' dir='ltr'><strong>tandem</strong></span> <span class='ocrx_word' id='word_1_49' title='bbox 495 568 706 610; x_wconf 86' lang='lat' dir='ltr'><strong>proficiscaris</strong></span> <span class='ocrx_word' id='word_1_50' title='bbox 970 566 1019 599; x_wconf 86' lang='lat' dir='ltr'><strong>Ne</strong></span> <span class='ocrx_word' id='word_1_51' title='bbox 1042 574 1102 607; x_wconf 88' lang='lat' dir='ltr'><strong>per</strong></span> <span class='ocrx_word' id='word_1_52' title='bbox 1126 564 1251 596; x_wconf 83' lang='lat' dir='ltr'>hostem</span> <span class='ocrx_word' id='word_1_53' title='bbox 1274 562 1375 602; x_wconf 86' lang='lat' dir='ltr'><strong>possit</strong></span> <span class='ocrx_word' id='word_1_54' title='bbox 1400 561 1471 593; x_wconf 87' lang='lat' dir='ltr'><strong>rodi</strong></span> 
     </span>
     <span class='ocr_line' id='line_1_10' title="bbox 318 610 1352 655; baseline -0.009 -6"><span class='ocrx_word' id='word_1_55' title='bbox 318 617 371 649; x_wconf 82' lang='lat' dir='ltr'><strong>Ad</strong></span> <span class='ocrx_word' id='word_1_56' title='bbox 396 619 556 648; x_wconf 85' lang='lat' dir='ltr'><strong>aeternum</strong></span> <span class='ocrx_word' id='word_1_57' title='bbox 580 614 762 655; x_wconf 87' lang='lat' dir='ltr'><strong>praemium,</strong></span> <span class='ocrx_word' id='word_1_58' title='bbox 1014 614 1122 645; x_wconf 84' lang='lat' dir='ltr'><strong>Morte</strong></span> <span class='ocrx_word' id='word_1_59' title='bbox 1146 610 1352 649; x_wconf 76' lang='lat' dir='ltr'><strong>amarissimo,</strong></span> 
     </span>
     <span class='ocr_line' id='line_1_11' title="bbox 272 655 1374 697; baseline -0.009 -1"><span class='ocrx_word' id='word_1_60' title='bbox 272 663 360 697; x_wconf 85' lang='lat' dir='ltr'><strong>Mole</strong></span> <span class='ocrx_word' id='word_1_61' title='bbox 385 663 487 695; x_wconf 81' lang='lat' dir='ltr'><strong>carnis</strong></span> <span class='ocrx_word' id='word_1_62' title='bbox 513 663 586 694; x_wconf 92' lang='lat' dir='ltr'><strong>hinc</strong></span> <span class='ocrx_word' id='word_1_63' title='bbox 611 665 704 693; x_wconf 83' lang='lat' dir='ltr'><strong>exuta</strong></span> <span class='ocrx_word' id='word_1_64' title='bbox 971 658 1073 692; x_wconf 82' lang='lat' dir='ltr'><strong>Aufer</strong></span> <span class='ocrx_word' id='word_1_65' title='bbox 1098 657 1143 690; x_wconf 86' lang='lat' dir='ltr'><strong>fel</strong></span> <span class='ocrx_word' id='word_1_66' title='bbox 1169 655 1374 689; x_wconf 82' lang='lat' dir='ltr'><strong>adversitatis</strong></span> 
     </span>
     <span class='ocr_line' id='line_1_12' title="bbox 272 702 1384 749; baseline -0.009 -7"><span class='ocrx_word' id='word_1_67' title='bbox 272 710 320 742; x_wconf 86' lang='lat' dir='ltr'><strong>Te</strong></span> <span class='ocrx_word' id='word_1_68' title='bbox 343 710 492 749; x_wconf 85' lang='lat' dir='ltr'><strong>suscepit,</strong></span> <span class='ocrx_word' id='word_1_69' title='bbox 518 710 606 749; x_wconf 84' lang='lat' dir='ltr'><strong>virgo</strong></span> <span class='ocrx_word' id='word_1_70' title='bbox 631 711 708 748; x_wconf 86' lang='lat' dir='ltr'><strong>tuta,</strong></span> <span class='ocrx_word' id='word_1_71' title='bbox 970 706 1015 739; x_wconf 87' lang='lat' dir='ltr'><strong>Et</strong></span> <span class='ocrx_word' id='word_1_72' title='bbox 1039 707 1079 738; x_wconf 86' lang='lat' dir='ltr'><strong>da</strong></span> <span class='ocrx_word' id='word_1_73' title='bbox 1102 704 1197 736; x_wconf 83' lang='lat' dir='ltr'><strong>mena</strong></span> <span class='ocrx_word' id='word_1_74' title='bbox 1219 702 1384 734; x_wconf 80' lang='lat' dir='ltr'><strong>suavitatis</strong></span> 
     </span>
     <span class='ocr_line' id='line_1_13' title="bbox 319 749 1354 798; baseline -0.009 -9"><span class='ocrx_word' id='word_1_75' title='bbox 319 757 433 798; x_wconf 85' lang='lat' dir='ltr'><strong>Sponsi</strong></span> <span class='ocrx_word' id='word_1_76' title='bbox 456 757 503 787; x_wconf 88' lang='lat' dir='ltr'><strong>tui</strong></span> <span class='ocrx_word' id='word_1_77' title='bbox 527 755 689 795; x_wconf 79' lang='lat' dir='ltr'><strong>gremium.</strong></span> <span class='ocrx_word' id='word_1_78' title='bbox 1018 752 1116 792; x_wconf 77' lang='lat' dir='ltr'><strong>Gregi</strong></span> <span class='ocrx_word' id='word_1_79' title='bbox 1142 749 1354 783; x_wconf 82' lang='lat' dir='ltr'><strong>devotissimo.</strong></span> 
     </span>
    </p>
   </div>
   <div class='ocr_carea' id='block_1_3' title="bbox 531 809 1130 1081">
    <p class='ocr_par' dir='ltr' id='par_1_3' title="bbox 531 809 1130 939">
     <span class='ocr_line' id='line_1_14' title="bbox 531 809 1130 848; baseline -0.008 -5"><span class='ocrx_word' id='word_1_80' title='bbox 531 812 585 843; x_wconf 85' lang='lat'><strong>12.</strong></span> <span class='ocrx_word' id='word_1_81' title='bbox 607 809 730 841; x_wconf 86' lang='lat' dir='ltr'><strong>Munda</strong></span> <span class='ocrx_word' id='word_1_82' title='bbox 754 817 827 848; x_wconf 84' lang='lat' dir='ltr'><strong>ergo</strong></span> <span class='ocrx_word' id='word_1_83' title='bbox 852 810 976 839; x_wconf 84' lang='lat' dir='ltr'><strong>nostras</strong></span> <span class='ocrx_word' id='word_1_84' title='bbox 1000 809 1130 848; x_wconf 85' lang='lat' dir='ltr'><strong>mentes,</strong></span> 
     </span>
     <span class='ocr_line' id='line_1_15' title="bbox 610 853 1104 895; baseline -0.008 -8"><span class='ocrx_word' id='word_1_85' title='bbox 610 856 731 895; x_wconf 89' lang='lat' dir='ltr'><strong>Sponso</strong></span> <span class='ocrx_word' id='word_1_86' title='bbox 756 857 809 885; x_wconf 85' lang='lat' dir='ltr'><strong>tuo</strong></span> <span class='ocrx_word' id='word_1_87' title='bbox 833 853 917 893; x_wconf 88' lang='lat' dir='ltr'><strong>quod</strong></span> <span class='ocrx_word' id='word_1_88' title='bbox 942 854 1104 893; x_wconf 69' lang='lat' dir='ltr'><strong>piacentes</strong></span> 
     </span>
     <span class='ocr_line' id='line_1_16' title="bbox 658 900 1103 939; baseline -0.007 -6"><span class='ocrx_word' id='word_1_89' title='bbox 658 900 727 934; x_wconf 82' lang='lat' dir='ltr'><strong>Sint</strong></span> <span class='ocrx_word' id='word_1_90' title='bbox 751 909 810 939; x_wconf 87' lang='lat' dir='ltr'><strong>per</strong></span> <span class='ocrx_word' id='word_1_91' title='bbox 833 900 915 932; x_wconf 83' lang='lat' dir='ltr'><strong>viam</strong></span> <span class='ocrx_word' id='word_1_92' title='bbox 941 900 1103 938; x_wconf 80' lang='lat' dir='ltr'><strong>sospitem,</strong></span> 
     </span>
    </p>

    <p class='ocr_par' dir='ltr' id='par_1_4' title="bbox 611 946 1129 1081">
     <span class='ocr_line' id='line_1_17' title="bbox 612 946 1129 986; baseline -0.004 -7"><span class='ocrx_word' id='word_1_93' title='bbox 612 948 657 980; x_wconf 87' lang='lat' dir='ltr'><strong>Ut</strong></span> <span class='ocrx_word' id='word_1_94' title='bbox 681 950 755 986; x_wconf 77' lang='lat' dir='ltr'><strong>post</strong></span> <span class='ocrx_word' id='word_1_95' title='bbox 778 946 869 978; x_wconf 84' lang='lat' dir='ltr'><strong>huius</strong></span> <span class='ocrx_word' id='word_1_96' title='bbox 895 946 979 978; x_wconf 85' lang='lat' dir='ltr'><strong>vitae</strong></span> <span class='ocrx_word' id='word_1_97' title='bbox 1005 954 1129 977; x_wconf 91' lang='lat' dir='ltr'><strong>cursum</strong></span> 
     </span>
     <span class='ocr_line' id='line_1_18' title="bbox 611 994 1099 1032; baseline -0.004 -6"><span class='ocrx_word' id='word_1_98' title='bbox 611 994 773 1026; x_wconf 76' lang='lat' dir='ltr'>Scandere</span> <span class='ocrx_word' id='word_1_99' title='bbox 794 994 950 1032; x_wconf 83' lang='lat' dir='ltr'><strong>possimus</strong></span> <span class='ocrx_word' id='word_1_100' title='bbox 974 1001 1099 1024; x_wconf 82' lang='lat' dir='ltr'><strong>sursum</strong></span> 
     </span>
     <span class='ocr_line' id='line_1_19' title="bbox 662 1039 1085 1081; baseline -0.005 -7"><span class='ocrx_word' id='word_1_101' title='bbox 662 1041 714 1074; x_wconf 89' lang='lat' dir='ltr'><strong>Ad</strong></span> <span class='ocrx_word' id='word_1_102' title='bbox 739 1040 895 1072; x_wconf 82' lang='lat' dir='ltr'><strong>caelorum</strong></span> <span class='ocrx_word' id='word_1_103' title='bbox 920 1039 1085 1081; x_wconf 79' lang='lat' dir='ltr'><strong>hospitem.</strong></span> 
     </span>
    </p>
   </div>
   <div class='ocr_carea' id='block_1_4' title="bbox 206 1100 1501 1178">
    <p class='ocr_par' dir='ltr' id='par_1_5' title="bbox 206 1100 1501 1178">
     <span class='ocr_line' id='line_1_20' title="bbox 281 1100 1501 1139; baseline -0.005 -5"><span class='ocrx_word' id='word_1_104' title='bbox 281 1107 359 1134; x_wconf 75' lang='lat' dir='ltr'><strong>Orat.</strong></span> <span class='ocrx_word' id='word_1_105' title='bbox 387 1115 441 1136; x_wconf 85' lang='lat' dir='ltr'><strong>ms.</strong></span> <span class='ocrx_word' id='word_1_106' title='bbox 463 1105 646 1133; x_wconf 80' lang='lat' dir='ltr'><strong>Carthusian.</strong></span> <span class='ocrx_word' id='word_1_107' title='bbox 667 1112 741 1133; x_wconf 84' lang='lat' dir='ltr'><strong>saec.</strong></span> <span class='ocrx_word' id='word_1_108' title='bbox 765 1102 806 1131; x_wconf 85' lang='lat'><strong>15.</strong></span> <span class='ocrx_word' id='word_1_109' title='bbox 847 1103 916 1131; x_wconf 79' lang='lat' dir='ltr'><strong>Ood.</strong></span> <span class='ocrx_word' id='word_1_110' title='bbox 937 1104 1030 1139; x_wconf 78' lang='lat' dir='ltr'><strong>Capit.</strong></span> <span class='ocrx_word' id='word_1_111' title='bbox 1050 1104 1199 1131; x_wconf 80' lang='lat' dir='ltr'><strong>Treviren.</strong></span> <span class='ocrx_word' id='word_1_112' title='bbox 1222 1101 1285 1130; x_wconf 86' lang='lat'>116.</span> <span class='ocrx_word' id='word_1_113' title='bbox 1306 1118 1343 1122; x_wconf 97' lang='lat'><strong>—</strong></span> <span class='ocrx_word' id='word_1_114' title='bbox 1364 1100 1388 1135; x_wconf 80' lang='lat'><strong>2,</strong></span> <span class='ocrx_word' id='word_1_115' title='bbox 1410 1100 1429 1129; x_wconf 84' lang='lat'>4</span> <span class='ocrx_word' id='word_1_116' title='bbox 1447 1102 1501 1128; x_wconf 83' lang='lat' dir='ltr'><strong>Vis</strong></span> 
     </span>
     <span class='ocr_line' id='line_1_21' title="bbox 206 1139 1250 1178; baseline -0.005 -6"><span class='ocrx_word' id='word_1_117' title='bbox 206 1152 327 1172; x_wconf 78' lang='lat' dir='ltr'><strong>morum-</strong></span> <span class='ocrx_word' id='word_1_118' title='bbox 345 1158 384 1164; x_wconf 85' lang='lat'><strong>--</strong></span> <span class='ocrx_word' id='word_1_119' title='bbox 403 1142 430 1177; x_wconf 84' lang='lat'><strong>3,</strong></span> <span class='ocrx_word' id='word_1_120' title='bbox 450 1141 468 1171; x_wconf 88' lang='lat'><strong>3</strong></span> <span class='ocrx_word' id='word_1_121' title='bbox 487 1144 556 1171; x_wconf 81' lang='lat' dir='ltr'><strong>Lies</strong></span> <span class='ocrx_word' id='word_1_122' title='bbox 576 1142 741 1178; x_wconf 81' lang='lat' dir='ltr'><strong>Effugasti?</strong></span> <span class='ocrx_word' id='word_1_123' title='bbox 762 1155 797 1160; x_wconf 80' lang='lat'>—</span> <span class='ocrx_word' id='word_1_124' title='bbox 818 1140 844 1174; x_wconf 85' lang='lat'><strong>9,</strong></span> <span class='ocrx_word' id='word_1_125' title='bbox 864 1139 883 1168; x_wconf 89' lang='lat'>4</span> <span class='ocrx_word' id='word_1_126' title='bbox 901 1141 971 1169; x_wconf 76' lang='lat' dir='ltr'><strong>Lies</strong></span> <span class='ocrx_word' id='word_1_127' title='bbox 992 1143 1117 1176; x_wconf 80' lang='lat' dir='ltr'><strong>exutam,</strong></span> <span class='ocrx_word' id='word_1_128' title='bbox 1136 1141 1250 1168; x_wconf 72' lang='lat' dir='ltr'><strong>tutam?</strong></span> 
     </span>
    </p>
   </div>
   <div class='ocr_carea' id='block_1_5' title="bbox 629 1239 1081 1272">
    <p class='ocr_par' dir='ltr' id='par_1_6' title="bbox 629 1239 1081 1272">
     <span class='ocr_line' id='line_1_22' title="bbox 629 1239 1081 1272; baseline -0.004 0"><span class='ocrx_word' id='word_1_129' title='bbox 629 1240 695 1272; x_wconf 85' lang='lat'>283.</span> <span class='ocrx_word' id='word_1_130' title='bbox 725 1241 768 1271; x_wconf 81' lang='lat' dir='ltr'><strong>De</strong></span> <span class='ocrx_word' id='word_1_131' title='bbox 789 1240 898 1271; x_wconf 80' lang='lat' dir='ltr'><strong>sancta</strong></span> <span class='ocrx_word' id='word_1_132' title='bbox 921 1239 1081 1271; x_wconf 71' lang='lat' dir='ltr'><strong>Ger-trude.</strong></span> 
     </span>
    </p>
   </div>
   <div class='ocr_carea' id='block_1_6' title="bbox 223 1308 1465 1674">
    <p class='ocr_par' dir='ltr' id='par_1_7' title="bbox 223 1308 1465 1674">
     <span class='ocr_line' id='line_1_23' title="bbox 279 1308 1400 1352; baseline -0.004 -8"><span class='ocrx_word' id='word_1_133' title='bbox 279 1312 303 1345; x_wconf 94' lang='lat' dir='ltr'>O</span> <span class='ocrx_word' id='word_1_134' title='bbox 330 1311 509 1349; x_wconf 80' lang='lat' dir='ltr'><strong>Gertrudis,</strong></span> <span class='ocrx_word' id='word_1_135' title='bbox 539 1311 628 1351; x_wconf 80' lang='lat' dir='ltr'><strong>virgo</strong></span> <span class='ocrx_word' id='word_1_136' title='bbox 653 1313 752 1352; x_wconf 80' lang='lat' dir='ltr'><strong>grata,</strong></span> <span class='ocrx_word' id='word_1_137' title='bbox 977 1309 1003 1342; x_wconf 88' lang='lat' dir='ltr'>O</span> <span class='ocrx_word' id='word_1_138' title='bbox 1027 1309 1127 1351; x_wconf 84' lang='lat' dir='ltr'><strong>virgo,</strong></span> <span class='ocrx_word' id='word_1_139' title='bbox 1153 1317 1238 1340; x_wconf 76' lang='lat' dir='ltr'><strong>nuno</strong></span> <span class='ocrx_word' id='word_1_140' title='bbox 1260 1308 1400 1341; x_wconf 79' lang='lat' dir='ltr'><strong>fideliter</strong></span> 
     </span>
     <span class='ocr_line' id='line_1_24' title="bbox 278 1355 1412 1397; baseline -0.004 -6"><span class='ocrx_word' id='word_1_141' title='bbox 278 1359 329 1391; x_wconf 84' lang='lat' dir='ltr'><strong>Ex</strong></span> <span class='ocrx_word' id='word_1_142' title='bbox 354 1357 454 1397; x_wconf 83' lang='lat' dir='ltr'><strong>regali</strong></span> <span class='ocrx_word' id='word_1_143' title='bbox 478 1358 579 1396; x_wconf 83' lang='lat' dir='ltr'><strong>stirpe</strong></span> <span class='ocrx_word' id='word_1_144' title='bbox 602 1360 687 1395; x_wconf 81' lang='lat' dir='ltr'><strong>nata,</strong></span> <span class='ocrx_word' id='word_1_145' title='bbox 898 1357 951 1389; x_wconf 83' lang='lat'><strong>10.</strong></span> <span class='ocrx_word' id='word_1_146' title='bbox 979 1355 1043 1389; x_wconf 83' lang='lat' dir='ltr'><strong>Ora</strong></span> <span class='ocrx_word' id='word_1_147' title='bbox 1066 1364 1125 1394; x_wconf 87' lang='lat' dir='ltr'><strong>pro</strong></span> <span class='ocrx_word' id='word_1_148' title='bbox 1150 1364 1201 1387; x_wconf 88' lang='lat' dir='ltr'><strong>me</strong></span> <span class='ocrx_word' id='word_1_149' title='bbox 1225 1356 1412 1396; x_wconf 83' lang='lat' dir='ltr'><strong>suppliciter</strong></span> 
     </span>
     <span class='ocr_line' id='line_1_25' title="bbox 277 1402 1376 1445; baseline -0.001 -10"><span class='ocrx_word' id='word_1_150' title='bbox 277 1403 436 1443; x_wconf 81' lang='lat' dir='ltr'><strong>Leprosos</strong></span> <span class='ocrx_word' id='word_1_151' title='bbox 461 1406 495 1434; x_wconf 92' lang='lat' dir='ltr'><strong>tu</strong></span> <span class='ocrx_word' id='word_1_152' title='bbox 519 1412 580 1435; x_wconf 87' lang='lat' dir='ltr'><strong>non</strong></span> <span class='ocrx_word' id='word_1_153' title='bbox 606 1403 756 1442; x_wconf 86' lang='lat' dir='ltr'><strong>sprevisti</strong></span> <span class='ocrx_word' id='word_1_154' title='bbox 976 1403 1092 1441; x_wconf 83' lang='lat' dir='ltr'><strong>Iesum,</strong></span> <span class='ocrx_word' id='word_1_155' title='bbox 1118 1402 1243 1434; x_wconf 85' lang='lat' dir='ltr'><strong>Mariae</strong></span> <span class='ocrx_word' id='word_1_156' title='bbox 1267 1402 1376 1445; x_wconf 87' lang='lat' dir='ltr'><strong>filium,</strong></span> 
     </span>
     <span class='ocr_line' id='line_1_26' title="bbox 282 1448 1432 1488; baseline -0.003 -5"><span class='ocrx_word' id='word_1_157' title='bbox 282 1450 328 1483; x_wconf 92' lang='lat' dir='ltr'><strong>Ob</strong></span> <span class='ocrx_word' id='word_1_158' title='bbox 354 1457 493 1482; x_wconf 79' lang='lat' dir='ltr'><strong>amorem</strong></span> <span class='ocrx_word' id='word_1_159' title='bbox 517 1449 590 1481; x_wconf 78' lang='lat' dir='ltr'><strong>Iesu</strong></span> <span class='ocrx_word' id='word_1_160' title='bbox 615 1448 752 1487; x_wconf 83' lang='lat' dir='ltr'><strong>Christi;</strong></span> <span class='ocrx_word' id='word_1_161' title='bbox 978 1448 1025 1480; x_wconf 87' lang='lat' dir='ltr'><strong>Ut</strong></span> <span class='ocrx_word' id='word_1_162' title='bbox 1048 1451 1121 1488; x_wconf 85' lang='lat' dir='ltr'><strong>post</strong></span> <span class='ocrx_word' id='word_1_163' title='bbox 1145 1449 1256 1480; x_wconf 86' lang='lat' dir='ltr'><strong>mundi</strong></span> <span class='ocrx_word' id='word_1_164' title='bbox 1279 1450 1432 1481; x_wconf 80' lang='lat' dir='ltr'><strong>auxilium</strong></span> 
     </span>
     <span class='ocr_line' id='line_1_27' title="bbox 223 1494 1388 1536; baseline -0.003 -7"><span class='ocrx_word' id='word_1_165' title='bbox 223 1499 253 1531; x_wconf 85' lang='lat'><strong>5.</strong></span> <span class='ocrx_word' id='word_1_166' title='bbox 282 1496 390 1529; x_wconf 83' lang='lat' dir='ltr'><strong>Caecis</strong></span> <span class='ocrx_word' id='word_1_167' title='bbox 415 1496 498 1527; x_wconf 83' lang='lat' dir='ltr'><strong>viam</strong></span> <span class='ocrx_word' id='word_1_168' title='bbox 524 1495 755 1533; x_wconf 82' lang='lat' dir='ltr'><strong>demonstrasti,</strong></span> <span class='ocrx_word' id='word_1_169' title='bbox 978 1494 1061 1527; x_wconf 84' lang='lat' dir='ltr'><strong>Mihi</strong></span> <span class='ocrx_word' id='word_1_170' title='bbox 1087 1495 1184 1527; x_wconf 85' lang='lat' dir='ltr'><strong>donet</strong></span> <span class='ocrx_word' id='word_1_171' title='bbox 1207 1495 1388 1536; x_wconf 89' lang='lat' dir='ltr'><strong>hospitium,</strong></span> 
     </span>
     <span class='ocr_line' id='line_1_28' title="bbox 282 1540 1416 1581; baseline -0.001 -6"><span class='ocrx_word' id='word_1_172' title='bbox 282 1542 468 1575; x_wconf 81' lang='lat' dir='ltr'><strong>Esurientes</strong></span> <span class='ocrx_word' id='word_1_173' title='bbox 493 1541 605 1573; x_wconf 83' lang='lat' dir='ltr'><strong>cibasti</strong></span> <span class='ocrx_word' id='word_1_174' title='bbox 978 1540 1044 1574; x_wconf 84' lang='lat' dir='ltr'><strong>Ubi</strong></span> <span class='ocrx_word' id='word_1_175' title='bbox 1067 1542 1188 1573; x_wconf 79' lang='lat' dir='ltr'><strong>nullum</strong></span> <span class='ocrx_word' id='word_1_176' title='bbox 1214 1541 1416 1581; x_wconf 76' lang='lat' dir='ltr'><strong>suppiicium,</strong></span> 
     </span>
     <span class='ocr_line' id='line_1_29' title="bbox 282 1588 1401 1628; baseline -0.001 -7"><span class='ocrx_word' id='word_1_177' title='bbox 282 1589 326 1622; x_wconf 87' lang='lat' dir='ltr'><strong>Et</strong></span> <span class='ocrx_word' id='word_1_178' title='bbox 350 1597 462 1628; x_wconf 80' lang='lat' dir='ltr'><strong>egenos</strong></span> <span class='ocrx_word' id='word_1_179' title='bbox 487 1589 666 1627; x_wconf 79' lang='lat' dir='ltr'><strong>hospitasti,</strong></span> <span class='ocrx_word' id='word_1_180' title='bbox 899 1589 952 1620; x_wconf 86' lang='lat'><strong>15.</strong></span> <span class='ocrx_word' id='word_1_181' title='bbox 980 1588 1044 1621; x_wconf 88' lang='lat' dir='ltr'><strong>Sed</strong></span> <span class='ocrx_word' id='word_1_182' title='bbox 1070 1588 1229 1620; x_wconf 85' lang='lat' dir='ltr'><strong>exsultare</strong></span> <span class='ocrx_word' id='word_1_183' title='bbox 1252 1589 1401 1620; x_wconf 86' lang='lat' dir='ltr'><strong>laudibus</strong></span> 
     </span>
     <span class='ocr_line' id='line_1_30' title="bbox 284 1633 1465 1674; baseline 0 -7"><span class='ocrx_word' id='word_1_184' title='bbox 284 1635 346 1667; x_wconf 85' lang='lat' dir='ltr'><strong>Per</strong></span> <span class='ocrx_word' id='word_1_185' title='bbox 370 1644 446 1674; x_wconf 87' lang='lat' dir='ltr'><strong>quos</strong></span> <span class='ocrx_word' id='word_1_186' title='bbox 469 1634 626 1667; x_wconf 84' lang='lat' dir='ltr'><strong>Christum</strong></span> <span class='ocrx_word' id='word_1_187' title='bbox 643 1637 825 1673; x_wconf 73' lang='lat' dir='ltr'><strong>acceptasu.</strong></span> <span class='ocrx_word' id='word_1_188' title='bbox 979 1633 1047 1666; x_wconf 89' lang='lat' dir='ltr'><strong>Deo</strong></span> <span class='ocrx_word' id='word_1_189' title='bbox 1073 1642 1142 1666; x_wconf 88' lang='lat' dir='ltr'><strong>cum</strong></span> <span class='ocrx_word' id='word_1_190' title='bbox 1167 1635 1284 1667; x_wconf 87' lang='lat' dir='ltr'><strong>sanctis</strong></span> <span class='ocrx_word' id='word_1_191' title='bbox 1310 1635 1465 1667; x_wconf 86' lang='lat' dir='ltr'><strong>omnibus.</strong></span> 
     </span>
    </p>
   </div>
   <div class='ocr_carea' id='block_1_7' title="bbox 289 1695 1284 1732">
    <p class='ocr_par' dir='ltr' id='par_1_8' title="bbox 289 1695 1284 1732">
     <span class='ocr_line' id='line_1_31' title="bbox 289 1695 1284 1732; baseline 0.001 -7"><span class='ocrx_word' id='word_1_192' title='bbox 289 1698 368 1726; x_wconf 85' lang='lat' dir='ltr'><strong>Orat.</strong></span> <span class='ocrx_word' id='word_1_193' title='bbox 387 1707 441 1726; x_wconf 88' lang='lat' dir='ltr'><strong>ms.</strong></span> <span class='ocrx_word' id='word_1_194' title='bbox 461 1697 645 1726; x_wconf 72' lang='lat' dir='ltr'><strong>Carthusian.</strong></span> <span class='ocrx_word' id='word_1_195' title='bbox 666 1705 741 1725; x_wconf 79' lang='lat' dir='ltr'><strong>saec.</strong></span> <span class='ocrx_word' id='word_1_196' title='bbox 762 1695 806 1724; x_wconf 85' lang='lat'><strong>15.</strong></span> <span class='ocrx_word' id='word_1_197' title='bbox 846 1698 915 1725; x_wconf 83' lang='lat' dir='ltr'><strong>Cod.</strong></span> <span class='ocrx_word' id='word_1_198' title='bbox 937 1697 1031 1732; x_wconf 79' lang='lat' dir='ltr'><strong>Capit-</strong></span> <span class='ocrx_word' id='word_1_199' title='bbox 1048 1698 1199 1726; x_wconf 76' lang='lat' dir='ltr'><strong>Treviren.</strong></span> <span class='ocrx_word' id='word_1_200' title='bbox 1221 1696 1284 1726; x_wconf 81' lang='lat'>116.</span> 
     </span>
    </p>
   </div>
   <div class='ocr_carea' id='block_1_8' title="bbox 639 1788 1088 1830">
    <p class='ocr_par' dir='ltr' id='par_1_9' title="bbox 639 1788 1088 1830">
     <span class='ocr_line' id='line_1_32' title="bbox 639 1788 1088 1830; baseline 0 -11"><span class='ocrx_word' id='word_1_201' title='bbox 639 1788 706 1820; x_wconf 84' lang='lat'>284.</span> <span class='ocrx_word' id='word_1_202' title='bbox 735 1789 779 1819; x_wconf 82' lang='lat' dir='ltr'><strong>De</strong></span> <span class='ocrx_word' id='word_1_203' title='bbox 798 1789 902 1820; x_wconf 79' lang='lat' dir='ltr'><strong>saneto</strong></span> <span class='ocrx_word' id='word_1_204' title='bbox 925 1788 1088 1830; x_wconf 80' lang='lat' dir='ltr'><strong>Gregorio.</strong></span> 
     </span>
    </p>
   </div>
   <div class='ocr_carea' id='block_1_9' title="bbox 234 1857 1511 2367">
    <p class='ocr_par' dir='ltr' id='par_1_10' title="bbox 308 1857 1451 2042">
     <span class='ocr_line' id='line_1_33' title="bbox 309 1857 1349 1900; baseline 0.003 -11"><span class='ocrx_word' id='word_1_205' title='bbox 309 1858 388 1896; x_wconf 82' lang='lat' dir='ltr'><strong>Ave,</strong></span> <span class='ocrx_word' id='word_1_206' title='bbox 417 1858 527 1889; x_wconf 88' lang='lat' dir='ltr'><strong>doctor</strong></span> <span class='ocrx_word' id='word_1_207' title='bbox 551 1866 568 1889; x_wconf 95' lang='grc' dir='ltr'>ο</span> <span class='ocrx_word' id='word_1_208' title='bbox 595 1857 736 1900; x_wconf 75' lang='lat' dir='ltr'><strong>Gregori,</strong></span> <span class='ocrx_word' id='word_1_209' title='bbox 984 1858 1141 1898; x_wconf 78' lang='lat' dir='ltr'><strong>Popuium</strong></span> <span class='ocrx_word' id='word_1_210' title='bbox 1165 1859 1212 1891; x_wconf 90' lang='lat' dir='ltr'><strong>sic</strong></span> <span class='ocrx_word' id='word_1_211' title='bbox 1237 1861 1349 1892; x_wconf 81' lang='lat' dir='ltr'><strong>eruisti</strong></span> 
     </span>
     <span class='ocr_line' id='line_1_34' title="bbox 311 1903 1338 1944; baseline 0.004 -9"><span class='ocrx_word' id='word_1_212' title='bbox 311 1903 461 1936; x_wconf 85' lang='lat' dir='ltr'><strong>Dilexisti</strong></span> <span class='ocrx_word' id='word_1_213' title='bbox 484 1904 600 1936; x_wconf 88' lang='lat' dir='ltr'><strong>mundo</strong></span> <span class='ocrx_word' id='word_1_214' title='bbox 626 1905 715 1944; x_wconf 84' lang='lat' dir='ltr'><strong>mori,</strong></span> <span class='ocrx_word' id='word_1_215' title='bbox 982 1905 1012 1937; x_wconf 77' lang='lat' dir='ltr'><strong>A</strong></span> <span class='ocrx_word' id='word_1_216' title='bbox 1037 1908 1139 1937; x_wconf 88' lang='lat' dir='ltr'><strong>morte</strong></span> <span class='ocrx_word' id='word_1_217' title='bbox 1163 1906 1338 1940; x_wconf 81' lang='lat' dir='ltr'><strong>subitanea.</strong></span> 
     </span>
     <span class='ocr_line' id='line_1_35' title="bbox 308 1950 1403 1991; baseline 0.005 -10"><span class='ocrx_word' id='word_1_218' title='bbox 308 1950 456 1991; x_wconf 85' lang='lat' dir='ltr'><strong>Humilis,</strong></span> <span class='ocrx_word' id='word_1_219' title='bbox 483 1950 567 1982; x_wconf 84' lang='lat' dir='ltr'><strong>mitis</strong></span> <span class='ocrx_word' id='word_1_220' title='bbox 592 1950 690 1989; x_wconf 84' lang='lat' dir='ltr'><strong>fuisti,</strong></span> <span class='ocrx_word' id='word_1_221' title='bbox 903 1952 957 1984; x_wconf 85' lang='lat'><strong>15.</strong></span> <span class='ocrx_word' id='word_1_222' title='bbox 983 1952 1092 1984; x_wconf 81' lang='lat' dir='ltr'><strong>Sancti</strong></span> <span class='ocrx_word' id='word_1_223' title='bbox 1117 1953 1204 1984; x_wconf 84' lang='lat' dir='ltr'><strong>Petri</strong></span> <span class='ocrx_word' id='word_1_224' title='bbox 1229 1956 1261 1984; x_wconf 88' lang='lat' dir='ltr'><strong>te</strong></span> <span class='ocrx_word' id='word_1_225' title='bbox 1283 1954 1403 1987; x_wconf 83' lang='lat' dir='ltr'><strong>habere</strong></span> 
     </span>
     <span class='ocr_line' id='line_1_36' title="bbox 310 1997 1451 2042; baseline 0.005 -14"><span class='ocrx_word' id='word_1_226' title='bbox 310 1997 401 2036; x_wconf 80' lang='lat' dir='ltr'><strong>Quod</strong></span> <span class='ocrx_word' id='word_1_227' title='bbox 424 2008 444 2029; x_wconf 76' lang='lat' dir='ltr'>a</span> <span class='ocrx_word' id='word_1_228' title='bbox 469 1997 595 2029; x_wconf 82' lang='lat' dir='ltr'><strong>Christo</strong></span> <span class='ocrx_word' id='word_1_229' title='bbox 621 1998 772 2039; x_wconf 83' lang='lat' dir='ltr'><strong>didicisti,</strong></span> <span class='ocrx_word' id='word_1_230' title='bbox 986 1998 1099 2032; x_wconf 75' lang='lat' dir='ltr'><strong>claves</strong></span> <span class='ocrx_word' id='word_1_231' title='bbox 1124 2001 1283 2032; x_wconf 82' lang='lat' dir='ltr'><strong>credimus</strong></span> <span class='ocrx_word' id='word_1_232' title='bbox 1309 2005 1343 2033; x_wconf 85' lang='lat' dir='ltr'><strong>et</strong></span> <span class='ocrx_word' id='word_1_233' title='bbox 1365 2010 1451 2042; x_wconf 67' lang='lat' dir='ltr'><strong>vere,</strong></span> 
     </span>
    </p>

    <p class='ocr_par' dir='ltr' id='par_1_11' title="bbox 253 2044 1511 2275">
     <span class='ocr_line' id='line_1_37' title="bbox 253 2044 1511 2090; baseline 0.004 -13"><span class='ocrx_word' id='word_1_234' title='bbox 253 2046 285 2077; x_wconf 88' lang='lat'><strong>5.</strong></span> <span class='ocrx_word' id='word_1_235' title='bbox 310 2044 356 2075; x_wconf 89' lang='lat' dir='ltr'><strong>Te</strong></span> <span class='ocrx_word' id='word_1_236' title='bbox 381 2053 505 2076; x_wconf 86' lang='lat' dir='ltr'><strong>servum</strong></span> <span class='ocrx_word' id='word_1_237' title='bbox 530 2053 691 2077; x_wconf 83' lang='lat' dir='ltr'><strong>servorum</strong></span> <span class='ocrx_word' id='word_1_238' title='bbox 716 2045 776 2077; x_wconf 84' lang='lat' dir='ltr'><strong>Dei</strong></span> <span class='ocrx_word' id='word_1_239' title='bbox 985 2045 1066 2078; x_wconf 84' lang='lat' dir='ltr'><strong>Nam</strong></span> <span class='ocrx_word' id='word_1_240' title='bbox 1091 2048 1125 2077; x_wconf 84' lang='lat' dir='ltr'><strong>tu</strong></span> <span class='ocrx_word' id='word_1_241' title='bbox 1149 2056 1306 2088; x_wconf 83' lang='lat' dir='ltr'><strong>paganum</strong></span> <span class='ocrx_word' id='word_1_242' title='bbox 1329 2049 1511 2090; x_wconf 82' lang='lat' dir='ltr'><strong>Traianum,</strong></span> 
     </span>
     <span class='ocr_line' id='line_1_38' title="bbox 312 2089 1511 2136; baseline 0.008 -16"><span class='ocrx_word' id='word_1_243' title='bbox 312 2089 476 2129; x_wconf 85' lang='lat' dir='ltr'><strong>Scripsisti</strong></span> <span class='ocrx_word' id='word_1_244' title='bbox 499 2090 588 2123; x_wconf 83' lang='lat' dir='ltr'><strong>fideli</strong></span> <span class='ocrx_word' id='word_1_245' title='bbox 612 2092 700 2132; x_wconf 82' lang='lat' dir='ltr'><strong>gregi</strong></span> <span class='ocrx_word' id='word_1_246' title='bbox 985 2092 1043 2125; x_wconf 77' lang='lat' dir='ltr'><strong>Sat</strong></span> <span class='ocrx_word' id='word_1_247' title='bbox 1065 2094 1192 2133; x_wconf 86' lang='lat' dir='ltr'><strong>iustum,</strong></span> <span class='ocrx_word' id='word_1_248' title='bbox 1217 2103 1280 2126; x_wconf 87' lang='lat' dir='ltr'><strong>non</strong></span> <span class='ocrx_word' id='word_1_249' title='bbox 1305 2094 1370 2128; x_wconf 89' lang='lat' dir='ltr'><strong>fide</strong></span> <span class='ocrx_word' id='word_1_250' title='bbox 1390 2105 1511 2136; x_wconf 76' lang='lat' dir='ltr'><strong>sanum,</strong></span> 
     </span>
     <span class='ocr_line' id='line_1_39' title="bbox 310 2136 1383 2181; baseline 0.007 -14"><span class='ocrx_word' id='word_1_251' title='bbox 310 2136 381 2168; x_wconf 91' lang='lat' dir='ltr'><strong>Hoc</strong></span> <span class='ocrx_word' id='word_1_252' title='bbox 406 2137 521 2168; x_wconf 86' lang='lat' dir='ltr'><strong>docens</strong></span> <span class='ocrx_word' id='word_1_253' title='bbox 546 2146 615 2169; x_wconf 82' lang='lat' dir='ltr'><strong>esse</strong></span> <span class='ocrx_word' id='word_1_254' title='bbox 639 2141 809 2178; x_wconf 84' lang='lat' dir='ltr'><strong>pastorum,</strong></span> <span class='ocrx_word' id='word_1_255' title='bbox 984 2138 1159 2181; x_wconf 72' lang='lat' dir='ltr'><strong>Deflevisti,</strong></span> <span class='ocrx_word' id='word_1_256' title='bbox 1187 2143 1383 2175; x_wconf 89' lang='lat' dir='ltr'><strong>commovisti</strong></span> 
     </span>
     <span class='ocr_line' id='line_1_40' title="bbox 314 2182 1464 2226; baseline 0.009 -13"><span class='ocrx_word' id='word_1_257' title='bbox 314 2182 402 2221; x_wconf 84' lang='lat' dir='ltr'><strong>Quod</strong></span> <span class='ocrx_word' id='word_1_258' title='bbox 420 2192 480 2214; x_wconf 90' lang='lat' dir='ltr'><strong>non</strong></span> <span class='ocrx_word' id='word_1_259' title='bbox 500 2183 577 2214; x_wconf 84' lang='lat' dir='ltr'><strong>fecit</strong></span> <span class='ocrx_word' id='word_1_260' title='bbox 595 2185 664 2223; x_wconf 89' lang='lat' dir='ltr'><strong>quis</strong></span> <span class='ocrx_word' id='word_1_261' title='bbox 681 2185 833 2224; x_wconf 81' lang='lat' dir='ltr'><strong>pn&#39;orum.</strong></span> <span class='ocrx_word' id='word_1_262' title='bbox 905 2187 959 2219; x_wconf 89' lang='lat'><strong>20.</strong></span> <span class='ocrx_word' id='word_1_263' title='bbox 986 2185 1087 2217; x_wconf 78' lang='lat' dir='ltr'><strong>Deum</strong></span> <span class='ocrx_word' id='word_1_264' title='bbox 1113 2187 1152 2218; x_wconf 84' lang='lat' dir='ltr'><strong>ad</strong></span> <span class='ocrx_word' id='word_1_265' title='bbox 1178 2189 1374 2226; x_wconf 86' lang='lat' dir='ltr'><strong>parcendum</strong></span> <span class='ocrx_word' id='word_1_266' title='bbox 1398 2191 1464 2225; x_wconf 88' lang='lat' dir='ltr'><strong>isti.</strong></span> 
     </span>
     <span class='ocr_line' id='line_1_41' title="bbox 312 2228 1425 2275; baseline 0.008 -15"><span class='ocrx_word' id='word_1_267' title='bbox 312 2228 428 2260; x_wconf 81' lang='lat' dir='ltr'><strong>Sancte</strong></span> <span class='ocrx_word' id='word_1_268' title='bbox 449 2238 534 2270; x_wconf 77' lang='lat' dir='ltr'><strong>papa</strong></span> <span class='ocrx_word' id='word_1_269' title='bbox 556 2238 574 2260; x_wconf 90' lang='lat' dir='ltr'><strong>o</strong></span> <span class='ocrx_word' id='word_1_270' title='bbox 597 2229 740 2271; x_wconf 80' lang='lat' dir='ltr'><strong>Gregori,</strong></span> <span class='ocrx_word' id='word_1_271' title='bbox 984 2232 1063 2263; x_wconf 85' lang='lat' dir='ltr'><strong>Eius</strong></span> <span class='ocrx_word' id='word_1_272' title='bbox 1088 2233 1225 2265; x_wconf 75' lang='lat' dir='ltr'><strong>animam</strong></span> <span class='ocrx_word' id='word_1_273' title='bbox 1250 2235 1291 2266; x_wconf 81' lang='lat' dir='ltr'><strong>de</strong></span> <span class='ocrx_word' id='word_1_274' title='bbox 1312 2238 1425 2275; x_wconf 82' lang='lat' dir='ltr'><strong>poenis</strong></span> 
     </span>
    </p>

    <p class='ocr_par' dir='ltr' id='par_1_12' title="bbox 234 2275 1396 2367">
     <span class='ocr_line' id='line_1_42' title="bbox 234 2275 1383 2320; baseline 0.009 -15"><span class='ocrx_word' id='word_1_275' title='bbox 234 2277 289 2310; x_wconf 83' lang='lat'><strong>10.</strong></span> <span class='ocrx_word' id='word_1_276' title='bbox 314 2275 432 2308; x_wconf 83' lang='lat' dir='ltr'><strong>Vidisti</strong></span> <span class='ocrx_word' id='word_1_277' title='bbox 458 2276 614 2308; x_wconf 85' lang='lat' dir='ltr'><strong>Romanos</strong></span> <span class='ocrx_word' id='word_1_278' title='bbox 638 2277 718 2309; x_wconf 86' lang='lat' dir='ltr'><strong>mori</strong></span> <span class='ocrx_word' id='word_1_279' title='bbox 985 2277 1107 2310; x_wconf 86' lang='lat' dir='ltr'><strong>Inferni</strong></span> <span class='ocrx_word' id='word_1_280' title='bbox 1131 2280 1239 2320; x_wconf 79' lang='lat' dir='ltr'><strong>sicque</strong></span> <span class='ocrx_word' id='word_1_281' title='bbox 1263 2284 1383 2315; x_wconf 80' lang='lat' dir='ltr'><strong>catenis</strong></span> 
     </span>
     <span class='ocr_line' id='line_1_43' title="bbox 312 2322 1396 2367; baseline 0.007 -12"><span class='ocrx_word' id='word_1_282' title='bbox 312 2323 353 2355; x_wconf 85' lang='lat' dir='ltr'><strong>In</strong></span> <span class='ocrx_word' id='word_1_283' title='bbox 377 2326 467 2363; x_wconf 86' lang='lat' dir='ltr'><strong>peste</strong></span> <span class='ocrx_word' id='word_1_284' title='bbox 489 2322 684 2363; x_wconf 78' lang='lat' dir='ltr'><strong>inguinaria;</strong></span> <span class='ocrx_word' id='word_1_285' title='bbox 987 2325 1156 2367; x_wconf 79' lang='lat' dir='ltr'><strong>Liberasti,</strong></span> <span class='ocrx_word' id='word_1_286' title='bbox 1184 2330 1326 2367; x_wconf 82' lang='lat' dir='ltr'><strong>quamvis</strong></span> <span class='ocrx_word' id='word_1_287' title='bbox 1349 2330 1396 2363; x_wconf 88' lang='lat' dir='ltr'><strong>ibi</strong></span> 
     </span>
    </p>
   </div>
   <div class='ocr_carea' id='block_1_10' title="bbox 311 2369 1443 2417">
    <p class='ocr_par' dir='ltr' id='par_1_13' title="bbox 311 2369 1443 2417">
     <span class='ocr_line' id='line_1_44' title="bbox 311 2369 1443 2417; baseline 0.009 -16"><span class='ocrx_word' id='word_1_288' title='bbox 311 2369 476 2403; x_wconf 80' lang='lat' dir='ltr'><strong>Letaniam</strong></span> <span class='ocrx_word' id='word_1_289' title='bbox 500 2370 648 2412; x_wconf 77' lang='lat' dir='ltr'><strong>statuisti,</strong></span> <span class='ocrx_word' id='word_1_290' title='bbox 986 2371 1107 2405; x_wconf 86' lang='lat' dir='ltr'><strong>Mansit</strong></span> <span class='ocrx_word' id='word_1_291' title='bbox 1129 2374 1219 2408; x_wconf 81' lang='lat' dir='ltr'><strong>nulla·</strong></span> <span class='ocrx_word' id='word_1_292' title='bbox 1242 2384 1346 2417; x_wconf 81' lang='lat' dir='ltr'><strong>poena</strong></span> <span class='ocrx_word' id='word_1_293' title='bbox 1368 2377 1443 2414; x_wconf 75' lang='lat' dir='ltr'><strong>sibi.</strong></span> 
     </span>
    </p>
   </div>
  </div>
 </body>
</html>
