1655 2573
162 239 241 272 107.

161 577 242 611 108.

164 962 241 995 109.

164 1394 242 1427 113.

162 1780 241 1814 114.

160 2171 238 2205 115.

665 148 922 183 —213-

267 241 307 273 In
338 239 403 273 fide
426 239 555 273 firmans
579 242 767 283 Ephesinos‚

266 287 438 319 Reclinans
463 291 551 320 artus
576 290 740 330 resupinos

312 334 439 366 Effossa
462 335 556 367 humo
581 336 706 379 tegitur,

268 381 327 420 Qui
347 390 442 414 carne
459 382 540 414 vixit
555 383 767 423 incorruptus,

267 427 330 459 Hic
364 428 454 469 gravi
488 439 592 470 poena
626 439 686 461 non
722 433 771 461 est

545 479 657 517 ruptus

316 523 353 554 In
379 526 490 566 morte,
522 526 619 564 prout
641 523 766 563 iegitur.

268 578 318 609 De
357 579 467 611 tumba
506 587 641 620 namque
676 579 768 610 huius

545 634 669 658 rursum

266 672 409 704 Minatus
443 673 547 711 pules
573 675 675 704 scatet
698 681 767 703 sur-

544 728 623 759 sum,

314 765 360 798 Ut
376 765 520 806 pluribus
538 770 587 798 est
600 766 767 806 cognitum,

268 812 332 844 Sed
349 813 490 852 pulveris
512 813 593 845 haec
619 813 756 853 ebuliigo

269 859 443 891 Protendat
452 868 507 891 seu
515 861 587 900 quid
601 860 768 900 scaturigo,

315 906 393 947 Scit,
421 907 471 938 cui
495 907 540 938 nil
564 907 767 946 incognitum.

267 962 328 1002 En,
355 963 407 993 hic
429 965 477 993 est
491 966 584 994 natus
600 962 765 1005 Zebedaei,

265 1009 395 1041 Amicus
421 1007 514 1040 fortis
538 1009 593 1041 ille
618 1008 689 1048 Dei,

312 1056 363 1087 De
396 1064 457 1094 quo
482 1064 584 1087 sermo
610 1055 770 1087 suboritur

267 1102 397 1134 Electos
417 1103 525 1133 decem
541 1103 625 1134 inter
641 1101 767 1142 fratres,

268 1149 523 1182 orthodoxorum
540 1158 632 1182 veros
649 1152 765 1192 patres,

312 1196 402 1236 Quod
428 1205 518 1228 carus
541 1197 593 1228 hic
617 1205 679 1228 non
701 1205 766 1228 mo-

542 1244 636 1276 ritur.

693 1310 712 1331 25:

269 1393 403 1426 Libellis
427 1402 503 1425 vero
528 1395 575 1425 sic
599 1393 713 1426 oblatis

265 1441 309 1472 Et
333 1440 478 1481 partibus
503 1441 706 1481 percopiatis‚

314 1488 457 1527 Utraque
478 1497 554 1527 pars
579 1492 615 1520 ut
638 1487 755 1530 videat)

267 1535 347 1574 Quid
372 1537 460 1575 petat
484 1536 552 1567 sive
576 1534 651 1575 quid
678 1543 768 1574 prac-

542 1581 663 1621 tendat,

266 1630 333 1661 Aut
349 1629 557 1670 proponendo
572 1629 647 1669 quid
665 1629 766 1661 inten-

546 1677 611 1717 dat,

310 1724 356 1756 Et
380 1724 479 1755 artius
504 1724 703 1764 praevideat,

269 1780 313 1813 Ut
339 1782 430 1812 cauta
455 1780 549 1812 sistat
571 1781 604 1812 in
629 1781 751 1821 agendo

264 1828 309 1859 Et
334 1827 456 1860 cautior
479 1828 512 1859 in
539 1827 721 1866 deferendo,

312 1876 352 1908 1n
376 1875 508 1915 singulis
535 1875 725 1915 cautissima,

266 1923 353 1962 Quae
393 1930 508 1958 causae
544 1925 690 1963 spectant
727 1923 768 1954 ad

543 1970 685 2010 tutelam,

265 2019 344 2051 Post
375 2018 492 2050 laesam
523 2018 611 2050 litem
637 2018 677 2049 ad
703 2026 767 2049 me-

546 2067 649 2098 delam

310 2114 471 2146 Recurrat
492 2122 535 2145 ne
557 2112 753 2153 tardissima,

266 2170 399 2211 Negatis
424 2171 554 2202 tandem
579 2171 626 2202 sic
648 2170 757 2211 petitis

265 2219 490 2259 Legaliterque
515 2217 599 2250 facto
625 2217 690 2249 litis

312 2266 465 2299 Sollemni
491 2265 727 2309 contestamus,

266 2314 295 2346 N
300 2323 317 2346 e
329 2323 427 2355 vagus
440 2314 520 2346 ordo
533 2314 769 2354 parteslaedat,

266 2362 330 2394 Sed
343 2362 418 2394 hinc
431 2364 463 2393 et
471 2362 548 2393 inde
560 2370 611 2393 res
618 2361 774 2400 procedat

313 2410 459 2450 Aequato
486 2417 555 2440 cum
580 2408 759 2446 libramine,

840 244 918 277 110.

841 608 919 641 111.

840 963 917 996 112.

883 1310 903 1331 >k

788 1336 807 1357 >k

840 1394 917 1427 116.

837 1762 915 1795 117.

840 2121 919 2154 118.

945 244 1029 275 Hinc
1046 251 1136 274 carus
1153 251 1239 274 meus
1257 245 1303 274 tot
1317 243 1441 275 dotatus

946 289 1184 329 Virtutibusque
1209 290 1374 321 decoratus

989 337 1050 369 Est
1073 335 1303 376 praeferendus
1328 337 1441 368 merito

943 383 1016 415 Non
1040 383 1140 415 solum
1163 382 1242 415 flore
1266 383 1430 426 castitatis,

946 430 1009 462 Sed
1035 430 1128 461 etiam
1151 430 1338 462 maioritatis

990 477 1237 517 Praerogativae
1260 477 1383 510 merito.

946 609 1145 648 Quapropter
1169 611 1242 649 peto
1267 608 1392 652 potiori,

946 655 1014 694 Qua
1029 663 1124 694 prece
1139 664 1266 694 possum
1284 656 1441 696 ampliori,

990 701 1054 740 Ut,
1080 702 1161 732 iuste
1184 702 1281 734 iudex
1307 703 1440 742 domine,

941 748 1098 779 Dilectum
1125 757 1227 779 meum
1254 748 1430 780 decernatis

943 794 1076 826 Maioris
1102 793 1171 826 fore
1195 795 1356 835 dignitatis

989 842 1048 882 Re,
1073 842 1193 873 meritis
1220 845 1252 874 et
1273 842 1407 875 nomine.

942 963 987 995 Et
1005 963 1140 997 maxime
1157 972 1226 995 cum
1243 963 1301 995 sim
1319 967 1441 1005 parata,

944 1010 1025 1042 Sunt
1039 1010 1072 1042 in
1085 1010 1193 1042 libello
1207 1019 1287 1050 quae
1299 1015 1440 1049 narrata,

994 1056 1134 1088 Probare
1157 1057 1351 1089 lucidissime

943 1104 1022 1135 Tam
1051 1104 1184 1135 test-ibus
1213 1113 1306 1144 quam
1329 1105 1445 1136 instru-

1220 1151 1333 1183 mentis

942 1197 986 1228 Et
1010 1205 1103 1235 voce,
1131 1196 1225 1237 fama,
1251 1197 1444 1230 documentis

989 1244 1034 1276 Et
1058 1245 1172 1276 ceteris
1195 1245 1368 1284 potissime.

945 1394 1012 1426 Nec
1029 1395 1243 1426 committatur
1260 1392 1443 1427 fraudulen-

1221 1444 1287 1473 tum

946 1488 1190 1528 Calumniaeque
1212 1489 1433 1528 iuramentum,

987 1535 1131 1574 Utraque
1155 1544 1230 1575 pars
1256 1536 1442 1575 astringitur

942 1582 987 1614 Et
1011 1583 1140 1622 quaevis
1157 1583 1261 1614 actrix
1278 1583 1324 1613 sic
1342 1586 1372 1614 et
1388 1592 1443 1614 rea

942 1629 1018 1661 Pars
1043 1637 1084 1661 ne
1107 1631 1237 1670 putetur
1259 1629 1440 1672 Pharisaea,

991 1677 1136 1716 Utroque
1158 1677 1229 1708 iure
1252 1677 1428 1717 stringitur,

941 1763 1115 1801 Partesque
1135 1761 1247 1793 ambae
1263 1761 1328 1793 sint
1343 1762 1444 1793 claus-

1223 1809 1321 1841 trales

943 1856 988 1888 Et
1014 1864 1127 1888 causae
1150 1865 1237 1887 mere
1262 1855 1422 1895 spiritales

995 1904 1072 1936 Cum
1088 1912 1133 1941 re,
1154 1904 1194 1935 de
1206 1902 1319 1943 qualis
1332 1903 1444 1946 agitur,

945 1952 1025 1984 Tam
1050 1950 1186 1981 veritate
1212 1951 1251 1982 de
1277 1950 1413 1981 dicenda

946 1998 1073 2030 Malitia
1098 2007 1190 2037 quam
1215 1996 1366 2038 fugienda

991 2045 1164 2078 1urandum
1189 2046 1239 2076 ius
1259 2044 1446 2077 extrahitur.

943 2121 1004 2153 His
1017 2120 1097 2153 actis
1114 2120 1211 2152 iudex
1225 2128 1449 2160 usquequaque

945 2168 1093 2209 Requirit
1131 2168 1208 2211 hoc,
1250 2167 1333 2208 quod
1373 2176 1448 2207 pars

1223 2219 1358 2254 utraque

993 2264 1072 2296 Rem
1089 2263 1215 2295 ductam
1238 2263 1271 2294 in
1296 2262 1448 2294 iudicium

947 2312 1010 2344 Per
1022 2313 1119 2343 testes
1129 2311 1243 2351 probet
1251 2309 1315 2342 fide
1326 2309 1446 2351 dignos,

951 2359 1097 2398 Veram,
1123 2357 1204 2390 fidos
1230 2359 1263 2388 et
1285 2356 1447 2396 benignos,

999 2406 1082 2445 Quos
1098 2405 1219 2437 nullum
1236 2406 1310 2444 agat
1329 2403 1446 2435 vitium.
