1655 2573
652 116 913 152 -105—

152 213 182 246 6.
211 211 331 255 Gaude,
355 221 413 252 pro
438 213 632 253 paenitentia
832 214 862 247 7.
891 213 1011 251 Gaude,
1038 213 1111 252 quia
1134 213 1174 245 ad
1200 211 1312 245 bravia

208 259 298 299 Quod
320 260 451 292 ioricam
477 270 548 292 eum
573 261 664 301 galea
887 261 1064 293 Pei-venisti
1087 260 1245 301 eaelestia,

209 307 302 339 Vitae
327 309 400 338 tuae
426 307 582 340 curricula
892 307 953 340 Ubi
979 306 1093 338 frueris
1118 307 1218 347 gloria

210 354 348 386 Portasti
371 362 429 394 per
454 354 609 388 continua.
892 355 952 386 Per
974 354 1167 393 sempiterna
1191 353 1325 386 saecula.

215 420 294 448 Orat.
315 427 367 446 ms.
387 418 575 447 Trudonense
594 427 669 447 saec.
682 417 725 447 16.
737 420 775 446 111.
798 418 865 446 Cod.
886 419 1023 446 Leodien.
1038 416 1101 447 395.
1180 416 1206 449 2,
1221 417 1240 445 4
1255 418 1383 446 Habens-
1403 432 1440 436 --

138 457 165 488 4,
190 456 205 484 1
227 457 340 486 Gaude.
369 456 444 492 quod
464 459 586 492 patrum.
610 471 620 474 -
663 456 689 490 5,
713 455 727 483 1
748 457 825 493 quod
844 457 940 484 Maria
959 457 1077 484 medica.
1154 455 1180 483 7.
1204 454 1218 483 1
1240 455 1316 491 quod
1339 456 1383 482 ad.
1404 471 1442 474 —

137 495 165 529 7,
185 493 204 522 2
225 494 342 523 eaeiica.
361 507 401 513 —-—
419 493 446 522 7.
469 494 489 522 4
512 496 637 522 aeterna.

552 557 619 588 203.
650 557 691 587 De
712 557 818 587 saneto
840 556 1032 595 Hieronymo.

156 619 185 651 1.
213 617 333 659 Gaude,
362 617 448 648 euius
473 617 572 648 virtus
597 625 716 648 morum
891 616 1010 652 Gaude,
1038 617 1121 656 quod
1146 617 1195 647 leo
1220 618 1348 647 sanatus

210 664 271 695 Est
295 663 456 701 exemplar
481 663 648 694 electorum
888 663 990 694 Dorso
1018 661 1120 694 defert
1144 666 1290 694 oneratus

258 709 406 746 Viventii,
429 709 634 748 Hierony-me,
935 709 986 741 Au
1012 712 1045 740 te
1070 709 1158 749 ligna.
1180 717 1317 742 nemore.

213 756 333 794 Gssssdss,
360 757 521 796 speculum
548 757 719 798 doctorum,
832 766 863 796 3.
891 765 1001 797 Gaude
1040 768 1148 797 cantus
1175 766 1312 796 elevatus

213 804 302 843 Quod
328 802 455 835 fraudes
480 804 709 835 haeretieorum
893 800 1086 851 Augeldrum
1109 811 1194 852 quod
1217 815 1371 851 purgatus

261 849 437 883 confutasti
467 850 593 890 OPtime.
939 859 1042 891 Audis
1066 859 1175 890 vivens
1201 867 1342 899 corpore,

156 909 188 942 2.
215 906 336 945 Gaude,
364 907 446 946 quod
471 914 530 946 per
546 909 578 937 te
594 906 762 946 scriptura,
893 906 1014 945 Gaude,
1041 914 1131 937 sacer
1156 905 1334 942 cardinaiis,

215 954 301 993 Quae
325 953 452 985 Iudaeis
476 955 525 984 est.
548 953 692 992 obseura,
895 953 953 991 Qui
975 951 1074 985 fultus
1100 953 1250 984 virtutum
1274 952 1333 983 alis

259 1000 315 1032 Fit
337 999 461 1032 Latinis
486 1000 605 1040 pervia,
941 999 1045 1031 Caelis
1069 999 1171 1031 laetus
1197 999 1330 1031 veheris.

541 1058 573 1089 4.
598 1055 722 1088 Exutos
747 1053 800 1086 fac
823 1056 932 1087 mundi
957 1055 1049 1086 malis

600 1102 693 1134 Pasei
718 1102 862 1142 paradisi
885 1101 977 1134 malis

645 1149 713 1181 Nos
738 1157 808 1180 eum
832 1148 893 1180 Dei
916 1148 1038 1182 liberie.

218 1206 297 1234 Orat:-
324 1214 376 1233 ms.
403 1205 591 1233 'trudonense
617 1212 691 1232 saec.
714 1202 756 1231 16.
782 1206 822 1231 111.
855 1204 923 1232 Cod.
944 1204 1081 1232 Leodien.
1102 1202 1167 1232 395,
1194 1218 1229 1222 —
1258 1202 1285 1237 4,
1309 1201 1322 1229 1
1344 1203 1444 1231 mundi

149 1244 234 1273 malis
254 1244 302 1271 fae
320 1244 410 1279 pasci.

581 1305 650 1336 204.
681 1305 722 1336 De
739 1306 846 1335 saneto
866 1304 1013 1336 Huberto.

162 1368 192 1401 1.
220 1366 341 1404 Gaude,
367 1366 496 1407 praesul
525 1374 542 1397 o
568 1364 721 1406 Huberte,
899 1364 1019 1407 Gaude,
1046 1365 1121 1404 quia
1143 1364 1315 1404 perrexisti

221 1412 414 1446 Crucifixum
438 1412 549 1444 videns
575 1415 660 1444 certe
895 1412 947 1443 Ad
973 1410 1177 1443 Lamberturn
1204 1414 1235 1442 et
1259 1411 1366 1443 vixisti

265 1462 352 1493 Inter
379 1459 463 1491 cervi
489 1459 657 1498 spinulam,
942 1458 1034 1491 quta
1058 1467 1115 1489 sua
1139 1458 1268 1491 monita.

219 1507 340 1548 GRUdss,
367 1514 470 1538 0οωθὸ
494 1506 654 1546 palatinus
827 1515 858 1547 3.
887 1514 998 1546 Gaude
1021 1514 1095 1546 hinc
1119 1515 1375 1558 transalpinasti‚

216 1554 308 1593 ΕΓΞΞ,
335 1553 461 1607 (ΙΡᾶΠᾶΟ
485 1552 644 1606 ΕὒΓΟῙΠΡΞ
896 1561 983 1593 Loca
1006 1570 1098 1593 sacra
1122 1561 1259 1594 visitasti

265 1600 474 1640 opprimebat
498 1601 679 1633 Fransslam-
945 1607 1119 1642 Effundens
1144 1610 1343 1649 precamina3

161 1663 190 1692 2.
220 1658 332 1691 Gaude
358 1658 439 1689 hanc
461 1656 636 1699 deseruisti,
899 1655 1020 1695 Gaude,
1046 1655 1114 1688 illio
1135 1656 1316 1696 subrogaris

215 1705 317 1737 Ferre
339 1705 414 1744 quia
437 1704 567 1736 noluisti
896 1702 940 1734 Et
964 1712 984 1734 a
1006 1711 1092 1743 papa
1114 1703 1295 1735 sublimaris

264 1751 354 1784 nlius
379 1751 560 1794 nequitiam,
944 1749 1108 1783 Lamberti
1132 1750 1293 1790 regimine.

562 1809 594 1842 4.
622 1807 743 1848 Gaude,
768 1808 887 1840 Romae
913 1807 1108 1839 consecraris

621 1855 674 1896 Et,
702 1857 776 1888 dum
800 1855 940 1887 vestibus
966 1854 1099 1894 ornaris,

674 1903 763 1936 Stola
787 1902 890 1935 fertur
914 1901 1051 1934 numine.

222 1960 301 1988 Orat.
325 1968 378 1987 ms.
405 1959 594 1987 Trudonense
623 1966 698 1986 saec.
721 1957 764 1987 16.
788 1960 828 1986 in.
862 1957 930 1986 Ood.
955 1957 1092 1985 Leodien.
1119 1957 1184 1986 395.
1210 1972 1246 1977 ——
1272 1956 1298 1991 2,
1326 1956 1341 1985 1
1370 1958 1447 1994 quod

146 1999 230 2027 hane.
254 2013 288 2017 ——
309 1995 336 2032 3,
363 1997 376 2025 1
397 1997 475 2033 quod
494 1997 571 2024 hinc.
592 2011 627 2016 —-
649 1994 674 2029 3,
695 1995 715 2024 4
734 1997 811 2032 quod
830 1996 901 2024 illie.
924 2010 957 2015 —-
980 1994 1007 2028 4,
1028 1995 1042 2023 1
1065 1996 1141 2031 quod
1161 1996 1279 2024 Romae.

593 2079 662 2110 205.
700 2079 744 2110 De
765 2079 872 2111 saneto
892 2078 1014 2110 Iacobo.

156 2143 187 2175 1.
213 2141 335 2182 Gaude,
362 2142 403 2173 ad
428 2140 650 2181 apostolatum,
838 2141 871 2173 2.
898 2139 1020 2179 Gaude,
1045 2140 1129 2180 quod
1154 2139 1235 2171 mire
1258 2140 1417 2173 Philetum

213 2189 330 2230 Magne
354 2188 478 2230 Iacobe,
503 2191 648 2221 vocatum
896 2188 959 2220 Per
980 2190 1013 2219 te
1037 2187 1147 2220 reddis
1174 2186 1299 2219 Christo
1321 2188 1438 2219 laetum

262 2237 308 2269 Te
335 2236 441 2269 divina
466 2235 578 2276 gratia,
943 2235 1048 2275 Signis
1073 2235 1321 2278 coruscantibus,

214 2284 334 2325 Gaude,
360 2284 406 2316 fili
427 2284 595 2324 Zebedaei,
898 2284 1144 2323 persequentem
1169 2286 1202 2314 te
1226 2282 1343 2315 Iosiam

213 2332 321 2372 Nepos
346 2332 449 2364 almae
473 2332 583 2364 matris
609 2331 680 2368 Dei,
898 2330 1092 2365 convertisti
1117 2331 1159 2362 ad
1184 2330 1335 2361 Messiam

262 2381 407 2413 Fervens
433 2379 499 2414 vita
525 2379 656 2414 caelibe.
944 2377 1063 2411 Divino
1088 2377 1256 2411 iuvamine.
