1655 2573
684 119 914 155 *89*

158 214 189 247 5.
219 212 338 259 Gaude,
366 224 439 248 nam
466 219 499 248 te
524 216 715 251 confortavit

216 261 361 295 Christus
387 266 419 295 et
444 264 631 297 certificavit

834 218 865 250 6.
893 217 1013 259 Gaude,
1037 216 1165 248 tandem
1188 216 1369 249 immolatus

892 266 922 296 A
946 263 1093 303 malignis
1119 266 1147 294 et
1170 265 1337 305 mactatus,

937 312 1020 343 Dum
1043 319 1114 342 oras
1139 319 1197 350 pro
1223 309 1343 350 ovibus,

893 358 954 390 Pro
980 361 1045 389 tam
1069 366 1183 397 magna
1209 358 1341 389 caritate

891 405 992 437 Nobis
1016 404 1049 436 in
1074 404 1265 436 necessitate

938 451 1080 484 Persiste
1102 451 1293 491 petentibus.

262 310 312 342 De
334 312 389 342 tuo
414 312 579 352 martyrio,

216 356 283 389 Nos
307 366 392 389 nunc
415 357 476 390 sibi
501 357 553 390 fac
577 359 697 391 servire

215 404 353 436 Mortem
378 413 504 444 semper
527 408 558 437 et
582 406 671 437 sitire

265 451 327 483 Suo
356 461 414 492 pro
440 453 580 485 servitio.

503 548 533 579 7.
561 546 682 588 Gaude,
709 546 782 586 quia
806 545 908 577 morbi
934 545 1058 584 cedunt,

557 592 654 633 Signa
684 592 782 632 signis
809 592 883 624 dum
907 593 1089 630 succedunt,

601 639 686 678 Quae
712 639 790 671 dant
813 638 872 670 tibi
896 638 1038 678 gloriam,

556 686 652 718 Salva
676 694 802 725 semper
825 687 857 716 te
881 686 1059 722 laudantes,

555 732 686 773 Thoma,
713 734 760 764 tui
784 735 992 764 memorantes

600 779 720 820 Agonis
743 779 918 812 historiam.

222 870 302 899 Orat.
322 881 374 900 ms.
394 872 588 908 Anglicanum
608 880 681 901 saec.
706 871 748 900 15.
790 871 859 900 eod.
880 871 1043 900 Londinen.
1063 872 1115 899 Ar.
1136 869 1200 899 203.

517 1019 577 1051 167.
609 1020 651 1051 De
673 1028 696 1050 s.
717 1019 829 1050 Thomu
852 1019 1076 1050 Cantuariensi.

160 1118 191 1152 1.
219 1117 341 1158 Gaude,
367 1118 423 1150 lux
445 1117 694 1160 leudomarum,

225 1165 356 1206 Thoma,
383 1168 468 1196 tutor
492 1165 666 1197 animarum

273 1213 337 1245 Dei
360 1212 572 1253 providentia,

223 1259 326 1291 Natus
350 1259 460 1291 matris
483 1259 599 1291 Martis
625 1257 686 1297 die,

222 1307 362 1346 Sequens
389 1307 484 1339 vitam
511 1314 606 1338 verae
630 1305 701 1336 viae

271 1353 409 1394 Speciali
432 1353 544 1394 gratia.

839 1118 875 1150 4.
901 1116 1022 1157 Gaude,
1045 1117 1175 1159 Thoma,
1201 1116 1318 1149 Martis
1343 1117 1395 1149 die

898 1164 1015 1196 Vocem
1040 1163 1170 1196 audiens
1194 1164 1341 1204 Messiae,

950 1210 1027 1244 Cum
1052 1219 1136 1243 esses
1160 1211 1192 1242 in
1218 1211 1372 1243 Francia:

899 1258 1030 1301 Thoma,
1055 1259 1186 1297 Thoma,
1214 1258 1295 1290 dixit
1316 1258 1414 1298 Deus,

899 1303 1032 1344 Sanguis
1056 1308 1127 1337 tuus
1153 1306 1214 1336 erit
1237 1313 1324 1336 meus

946 1351 1056 1384 Honor
1075 1353 1108 1384 in
1132 1352 1276 1385 ecclesia.

166 1449 198 1482 2.
225 1447 346 1486 Gaude,
372 1447 495 1478 Thema
518 1448 703 1486 persecutus
841 1447 873 1478 5.
900 1444 1021 1486 Gaude,
1046 1448 1134 1477 trans
1156 1444 1273 1477 fretum
1289 1454 1445 1484 reversus,

220 1495 264 1527 Et
288 1503 345 1535 per
368 1502 475 1535 regem
498 1493 663 1526 adlocutus

267 1542 345 1574 Eius
369 1542 402 1573 in
429 1540 569 1582 consilio,

219 1589 338 1621 Dicens
361 1589 528 1621 veritatem
547 1588 602 1628 pie

218 1638 334 1670 Pastor
358 1638 390 1667 et
413 1636 474 1668 hoc
497 1634 559 1667 fuit
584 1635 636 1667 die

263 1684 379 1717 Martis
404 1684 472 1715 sine
498 1682 603 1715 dubio.

162 1781 194 1812 3.
221 1777 344 1817 Gaude,
369 1777 439 1809 sine
461 1777 531 1809 iure
553 1785 628 1810 vero

220 1825 343 1858 Primas
373 1825 463 1857 exsul
487 1833 562 1864 rege
586 1823 665 1864 fero,

266 1873 397 1913 Thoma,
430 1871 488 1904 flos
514 1872 676 1911 ecclesiae,

220 1920 293 1952 Hoc
317 1922 394 1952 tunc
418 1918 479 1951 fuit
506 1919 558 1952 die
580 1919 696 1953 Martis

220 1969 283 2001 Per
308 1976 493 2000 consensum
516 1976 617 2000 vanae
637 1967 738 2007 partis

269 2014 380 2047 Gentis
405 2015 489 2056 regis
510 2014 656 2055 Angliae.

898 1493 990 1526 Pacis
1015 1493 1057 1525 ad
1082 1492 1215 1525 formam
1242 1501 1418 1534 conversus,

945 1540 1076 1579 Thoma,
1101 1541 1220 1579 pn‘mas
1245 1540 1391 1581 Angliae,

898 1586 959 1620 Die
983 1588 1098 1620 Martis
1122 1587 1340 1620 transfretasti

894 1634 1012 1667 Tecum
1035 1633 1131 1668 fidem
1157 1636 1373 1679 comportasti,

945 1681 1103 1715 Defensor
1129 1683 1292 1716 ecclesiae.

840 1778 872 1809 6.
899 1775 1021 1820 Gaude,
1047 1778 1170 1810 Thema
1193 1780 1304 1817 pastor
1327 1786 1413 1818 vere,

899 1824 983 1857 Fide
1008 1825 1088 1857 duce
1111 1825 1206 1857 morti
1231 1823 1319 1857 ferae

947 1872 1070 1905 Collum
1094 1873 1233 1905 subdens
1258 1872 1373 1916 gladio,

899 1919 961 1952 Die.
979 1920 1095 1952 Martis
1119 1920 1199 1952 hora
1222 1929 1307 1952 nona

898 1966 1046 1999 Meruisti
1069 1968 1131 2000 Dei
1158 1968 1241 2000 dona

945 2014 1025 2046 Diro
1049 2015 1160 2048 mortis
1184 2014 1316 2054 proelio.

500 2111 531 2143 7.
560 2109 682 2150 Gaude,
711 2108 842 2149 Thoma,
867 2109 1047 2143 nominatus

557 2157 633 2190 Pius
657 2160 780 2196 martyr
805 2160 836 2188 et
858 2157 1031 2189 translatus

605 2205 691 2238 Villa
717 2204 914 2245 Cantuariae,

558 2252 620 2286 Die
643 2253 770 2294 Martis,
796 2256 832 2284 ut
854 2254 995 2292 vocatur,

559 2302 622 2334 Per
646 2304 679 2333 te
705 2301 803 2333 muita
827 2301 912 2333 salus
940 2301 1034 2332 datur

603 2348 722 2381 Summi
746 2348 808 2381 Dei
832 2349 923 2383 serie.
