1655 2573
772 157 1004 194 -46-

594 256 626 288 4.
652 255 769 297 Vale,
797 258 888 294 pater
912 257 944 285 et
966 257 1110 294 patrone,

652 301 699 333 Te
722 302 854 333 ostende
877 301 910 332 in
934 309 1033 341 agone

701 349 777 381 Cum
805 347 929 379 Christo
955 349 1139 386 protegente

652 395 735 426 Tuos
760 403 867 426 servos
892 397 924 425 te
949 394 1095 434 colentes,

652 442 697 474 Ut
721 441 785 472 sint
808 443 910 472 tecum
936 443 1156 481 corregnantes

699 488 737 519 In
761 488 827 519 vita
849 490 1063 526 permanente.

678 633 740 665 102.
771 633 877 665 Oratio
900 633 940 664 ad
960 634 1097 665 eundem.

261 712 292 746 1.
317 713 421 753 Ave,
448 713 558 745 doctor
582 713 734 754 veritatis,

316 759 394 800 Ave,
421 760 541 799 lampas
565 760 722 800 puritatis,

361 806 527 845 Speculum
550 807 709 847 virtutum,

311 854 389 895 Ave,
416 854 508 884 stella
532 852 696 892 claritatis,

309 899 353 930 Et
377 907 531 938 supernae
556 899 691 930 civitatis

358 946 423 978 Iter
446 945 600 985 praebens
630 948 740 976 tutum.

256 1011 287 1041 2.
314 1010 445 1050 Salve,
471 1020 527 1042 vas
551 1010 732 1050 patientiae,

312 1056 368 1087 Vir
391 1057 489 1088 mirae
511 1056 708 1088 innocentiae

358 1104 386 1133 A
410 1104 480 1135 luce
504 1103 693 1145 splendenti,

314 1149 417 1187 Salve,
442 1150 527 1181 nitor
549 1150 709 1188 scientiae,

313 1195 363 1226 Da
386 1196 487 1226 rivum
512 1196 686 1235 sapientiae

354 1242 401 1273 Te
425 1242 477 1281 pie
500 1242 630 1281 petenti.

928 714 959 745 3.
988 713 1016 746 G
1025 722 1072 744 au
1082 713 1102 744 d
1114 721 1132 743 e
1142 738 1150 754 ‚
1178 712 1322 743 columna
1346 719 1451 753 aurea,

987 759 1115 790 Stabilis
1139 768 1178 790 ac
1202 757 1307 790 ferrea

1032 805 1208 844 Orbemque
1233 807 1424 844 sustentans,

986 851 1106 891 Gaude,
1133 859 1224 890 quem
1249 854 1342 883 ornat
1364 859 1506 891 gemmea

986 898 1109 930 Corona
1132 906 1191 929 nec
1214 906 1278 929 non
1302 899 1412 929 laurea

1028 944 1152 976 Decore
1177 945 1382 983 praecellens

948 1034 956 1041 .
982 1009 1104 1049 Vale,
1131 1010 1194 1041 iam
1219 1009 1370 1049 splendor
1394 1009 1532 1051 honoris,

984 1056 1141 1088 Conserva
1161 1065 1217 1088 nos
1243 1056 1363 1087 cunctis
1385 1056 1475 1088 horis

1029 1102 1080 1134 Ab
1105 1102 1205 1134 hostis
1229 1102 1346 1142 furore,

982 1149 1074 1192 Vale,
1102 1150 1262 1181 vasculum
1290 1150 1438 1188 dulcoris,

984 1195 1035 1227 Da
1059 1199 1185 1235 gustare
1208 1196 1271 1227 mel
1295 1196 1418 1235 saporis

1031 1242 1068 1274 In
1095 1243 1174 1274 caeli
1198 1242 1327 1275 honore.

616 1396 678 1427 103.
707 1397 813 1428 Oratio
835 1397 871 1428 (le
891 1398 997 1429 sancto
1017 1397 1151 1429 Nicolao.

258 1477 287 1508 1.
312 1477 417 1517 Ave,
443 1476 594 1514 splendor
620 1475 842 1514 confessorum,

313 1522 454 1561 Nicolae,
480 1521 538 1553 flos
565 1521 766 1565 Graecorum,

307 1569 355 1600 Tu
380 1577 399 1599 a
421 1568 490 1600 Deo
513 1570 688 1608 postulatus

311 1615 420 1646 Mente
444 1618 579 1655 sanctus,
604 1615 691 1654 plebi
716 1618 834 1654 gratus.

257 1682 286 1712 2.
315 1680 457 1721 Salve,
483 1683 592 1719 pastor
616 1680 753 1719 pietatis,

314 1726 469 1765 Flagrans
492 1726 564 1766 igne
589 1727 740 1766 caritatis,

316 1773 405 1804 Dona
431 1772 522 1803 nobis
548 1781 601 1804 cor
627 1773 792 1804 contritum

314 1819 388 1851 Zelo
413 1819 474 1851 Dei
498 1822 530 1850 et
552 1820 695 1860 ignitum.

929 1477 960 1509 3.
988 1476 1015 1508 G
1025 1485 1072 1507 au
1083 1477 1102 1507 d
1116 1485 1149 1519 e,
1177 1476 1226 1508 vir
1250 1477 1435 1509 nobilitatus

986 1522 1049 1553 Dei
1074 1523 1164 1554 donis
1190 1526 1222 1554 et
1245 1524 1408 1566 probatus,

986 1569 1050 1600 Hic
1072 1567 1216 1601 florendo
1242 1570 1330 1602 miris
1355 1571 1453 1613 signis

988 1615 1087 1647 Serva
1110 1625 1167 1647 nos
1192 1626 1211 1647 a
1235 1617 1345 1657 poenis
1372 1618 1486 1657 dignis

955 1705 963 1712 .
989 1681 1111 1721 Vale,
1137 1681 1322 1714 honorande
1346 1684 1485 1726 praesul,

988 1726 1084 1759 Salva
1108 1736 1168 1768 me,
1194 1729 1247 1768 qui
1269 1729 1321 1760 hic
1346 1739 1415 1761 sum
1439 1731 1540 1773 exsul,

989 1773 1137 1806 Sanctam
1162 1775 1259 1807 vitam
1287 1776 1328 1808 da
1352 1778 1469 1809 sectari

989 1821 1068 1853 Cum
1095 1821 1196 1853 beatis
1221 1822 1362 1862 gloriari.

645 1964 708 1996 104.
737 1964 783 1996 Ad
802 1966 942 1997 sanctum
960 1966 1135 2000 Martinam.

260 2044 289 2076 1.
316 2044 418 2084 Ave,
445 2048 553 2076 sancte
578 2053 595 2076 o
619 2044 767 2087 Martine,

317 2091 452 2130 Compar
476 2091 588 2122 stellae
610 2091 793 2130 matutinae,

316 2137 408 2168 Ortus
434 2137 535 2176 stirpe
558 2138 698 2180 militari,

314 2182 429 2213 Fretus
452 2183 505 2214 via
528 2184 669 2215 salutari.

262 2249 293 2280 2.
319 2247 464 2287 Salve,
490 2250 600 2286 pastor
623 2249 831 2288 Turonorum,

319 2294 453 2326 Florens
479 2295 563 2325 omni
589 2295 669 2326 dono
693 2304 823 2334 morum,

319 2341 368 2373 Tu
391 2341 554 2380 professor
578 2342 739 2383 trinitatis,

319 2389 419 2421 Posce
443 2388 539 2419 vitam
564 2388 750 2421 sanctitatis.

935 2047 964 2079 3.
991 2045 1046 2077 Gra
1055 2056 1076 2077 u
1089 2047 1107 2078 d
1119 2055 1135 2077 e
1147 2070 1154 2084 ,
1185 2048 1387 2081 sacerdotum
1417 2057 1548 2088 gemma,

992 2093 1038 2124 Te
1063 2094 1189 2126 ornavit,
1213 2094 1274 2125 Dei
1297 2092 1433 2138 flamma,

991 2139 1136 2170 Hostiam
1160 2149 1230 2172 cum
1253 2141 1425 2172 immolasti

991 2185 1035 2216 Et
1059 2195 1118 2225 pro
1144 2190 1236 2225 gente
1259 2186 1444 2220 obsecrasti.

958 2274 966 2282 .
994 2249 1112 2288 Vale,
1139 2254 1174 2281 tu
1199 2252 1331 2285 antistes
1358 2261 1441 2292 care,

992 2296 1045 2328 Da
1067 2305 1150 2328 nunc
1173 2298 1277 2330 Iesum
1302 2308 1497 2343 praeamare‚

996 2342 1093 2374 Suum
1117 2345 1201 2377 velle
1225 2343 1278 2378 fac
1301 2346 1436 2386 implere

993 2390 1037 2422 Et
1062 2399 1131 2422 cum
1157 2400 1192 2424 eo
1217 2401 1415 2432 permanere.
