1655 2573
663 122 800 158 —599
849 143 885 148 —

553 215 611 247 185.
643 215 686 247 De
705 216 809 247 saneto
829 214 1002 247 Benedicto.

144 263 175 296 1.
203 264 327 305 Gaude,
353 266 446 305 pater
471 267 703 308 monachorum,
818 269 849 300 2.
877 266 997 308 Gaude,
1024 266 1097 307 quia
1123 266 1291 306 prophetia

201 311 275 345 Dux
301 314 332 343 et
356 311 471 352 legifer
494 323 610 355 eorum,
876 315 916 346 In
938 314 1029 345 istius
1054 313 1139 345 vitae
1165 313 1217 346 via

246 358 422 391 Benedicte
447 360 591 402 celebris,
923 360 1038 393 Plenus
1062 368 1264 403 apparueras,

201 405 322 448 Gaude,
347 408 450 448 pater,
478 408 658 441 coenobitas
878 408 998 450 Gaude,
1024 416 1095 439 nam
1120 407 1318 439 miraculorm

202 454 252 485 Ad
279 453 411 485 virtutes
436 464 508 486 nam
531 455 647 487 invitas
877 456 915 487 ln
941 457 1108 494 conspectu
1133 453 1331 487 subditorum

247 499 297 531 De
320 501 444 540 peccati
470 502 618 536 tenebris,
926 500 1035 534 Gloria
1059 501 1226 533 clarueras.

480 559 509 590 3.
534 557 656 595 Gaude,
681 560 716 588 tu
742 557 885 589 caelestis
909 566 1021 589 norma

535 604 580 636 Et
603 604 763 645 religionis
788 602 899 642 forma,

586 651 662 683 Cum
687 651 786 683 multa
810 650 958 690 lampade

536 698 646 737 Regna
670 698 796 729 scandis
828 697 985 738 caelestia,

535 743 602 776 Nos
627 744 668 776 ad
688 744 744 775 illa
768 747 871 775 tecum
894 744 968 775 iuva

581 790 700 823 Fracta
725 791 828 823 carnis
851 790 980 831 pyxide.

205 847 284 874 Orat.
298 855 350 874 ms.
361 846 550 875 Trudonense
570 855 644 874 saec.
661 844 703 874 16.
718 848 757 873 in.
780 845 848 873 Ood.
861 845 999 874 Leodien.
1012 843 1075 874 395.
1089 861 1127 866 —
1140 844 1165 880 2,
1181 843 1198 872 2
1211 847 1291 874 vitae
1303 847 1373 873 vita.
1384 861 1418 864 —

129 881 155 916 3,
179 882 193 910 1
218 887 250 911 tu
269 884 348 911 fehlt.
393 901 405 904 -
426 882 452 919 3,
472 882 490 912 3
509 884 583 912 fehlt
602 886 666 912 eine
686 883 775 912 silbe.

545 947 605 978 186.
637 948 678 978 De
697 948 804 979 sancto
824 946 998 979 Benedicto.

140 998 169 1029 1.
199 997 318 1035 Gaude,
345 999 437 1037 pater
459 997 682 1030 monachorum
813 999 844 1030 3.
872 997 992 1039 Gaude,
1020 997 1094 1038 quia
1119 997 1311 1036 conspexisti

195 1044 367 1076 Benedicte
393 1044 575 1076 devotorum
870 1045 1011 1085 Animas,
1038 1053 1114 1084 quas
1141 1044 1283 1076 dilexisti

242 1090 288 1123 Et
311 1092 412 1123 amice
432 1091 571 1131 Domini,
917 1091 1010 1123 Caelo
1032 1091 1110 1123 ferri
1137 1091 1276 1124 caelitus.

197 1138 318 1177 Gaude,
345 1138 428 1177 quod
453 1138 572 1170 virtute
595 1147 717 1170 morum
874 1165 1349 1174 .........

194 1185 347 1225 Regulam
371 1193 430 1225 per
454 1184 673 1217 mandatorum
871 1213 1346 1219 .........

246 1231 336 1263 Viam
360 1234 517 1264 monstras
540 1231 669 1264 homini.
934 1258 1349 1267 ........

138 1289 169 1321 2.
197 1288 318 1329 Gaude,
345 1288 429 1327 quod
455 1289 528 1320 dum
554 1288 719 1320 declinasti
809 1290 840 1322 4.
868 1288 980 1321 Gaude
1004 1297 1097 1326 nunc,
1126 1289 1227 1319 amice
1251 1288 1321 1328 Dei,

193 1334 355 1374 Homines,
387 1335 591 1367 consolidasti
868 1335 1067 1374 Largitorem
1091 1335 1212 1374 requiei

243 1381 306 1415 Vas
332 1381 466 1414 fractum
491 1381 632 1422 mirifice,
915 1382 1006 1421 Quod
1032 1382 1134 1413 cernis
1158 1382 1192 1413 in
1217 1381 1328 1421 gloria,

195 1428 315 1468 Gaude,
340 1429 413 1468 quia
438 1428 580 1469 effugasti
867 1429 934 1461 Fac
957 1431 992 1460 ut
1015 1428 1137 1461 vultum
1162 1428 1223 1460 Dei
1247 1429 1309 1459 mei

191 1475 368 1508 Daemones
392 1483 431 1507 ac
454 1475 615 1507 suscitasti
868 1476 1001 1508 cernam
1054 1504 1060 1510 .
1114 1507 1120 1510 .
1174 1504 1177 1507 .
1231 1501 1234 1507 .

241 1522 386 1555 Mortuos
409 1522 552 1554 mirifice.
914 1524 952 1556 1n
979 1523 1108 1555 caelesti
1133 1522 1230 1556 curia.

196 1578 275 1643 (th-at
300 1588 352 1606 ms.
372 1578 561 1607 Trudonense
588 1587 662 1606 saec.
688 1576 731 1606 16.
756 1580 796 1606 in.
830 1578 897 1606 cod.
918 1578 1058 1606 Leodien.
1084 1575 1150 1606 395.
1177 1593 1212 1598 --
1235 1575 1266 1611 1,
1296 1577 1312 1605 6
1339 1578 1414 1604 Vivo

119 1624 202 1644 mons
215 1625 272 1644 ras.

547 1678 606 1710 187.
637 1680 680 1710 De
699 1685 806 1711 saneto
825 1679 992 1711 Bernardo.

133 1731 162 1763 1.
191 1730 312 1770 Gaude,
338 1731 506 1773 perpetim,
531 1730 713 1762 Bernardus
809 1732 840 1763 2.
868 1731 990 1774 Gaude,
1017 1731 1100 1771 quod
1125 1734 1180 1763 tua
1206 1731 1352 1763 doctrina

192 1777 336 1817 Sanctus,
347 1786 418 1810 nam
428 1778 610 1816 praedulcis
618 1778 738 1810 nardus
869 1778 1080 1819 Vagabundos
1112 1788 1131 1810 a
1154 1778 1247 1811 ruina

238 1824 353 1857 Matris
378 1824 449 1857 alvo
475 1825 641 1864 processit,
912 1825 1050 1858 Reducit
1078 1825 1238 1868 melliflua,

191 1871 314 1910 Gaude,
340 1874 374 1904 tu
398 1873 510 1904 matris
533 1871 631 1903 ubere
867 1872 989 1914 Gaude,
1015 1873 1183 1905 theotocae
1207 1873 1303 1913 digne

188 1919 339 1951 Laetatus
364 1919 425 1951 Dei
450 1927 580 1952 munere
867 1921 1061 1961 Peraccepte
1087 1921 1259 1961 capellane,

234 1966 419 1999 Devotionis
445 1967 569 2007 spiritu.
913 1966 1030 1999 Divine
1054 1967 1235 2000 secretarie.

469 2025 499 2057 3.
528 2023 648 2066 Gaude,
677 2026 768 2056 coetu
790 2023 956 2056 beatorum

526 2070 690 2103 Cumulum
714 2080 773 2111 per
796 2071 980 2104 meritorum

571 2118 742 2151 Admixtus
768 2128 800 2151 es
824 2119 859 2151 in
887 2119 997 2160 gloria,

523 2166 601 2206 Fac,
629 2174 679 2198 me
703 2169 790 2199 tuam
813 2175 897 2198 nunc
920 2166 1069 2199 ancillam

522 2214 640 2247 Vivere
663 2213 719 2256 sic,
745 2217 781 2246 ut
805 2214 846 2246 ad
871 2214 959 2246 illam

569 2261 631 2293 Per
654 2265 687 2294 te
713 2262 811 2294 ducar
836 2262 984 2301 patriam.

188 2318 266 2345 Orat.
280 2325 333 2344 ms.
348 2326 422 2348 saec.
433 2316 476 2345 15.
494 2317 563 2346 Cod.
572 2317 739 2346 Bruxellen.
748 2315 832 2346 4953.
846 2333 881 2337 —
899 2316 923 2353 1,
941 2315 955 2344 1
970 2318 1126 2346 Bernarde.
1140 2333 1177 2338 —
1194 2316 1218 2353 1,
1232 2317 1250 2345 2
1263 2318 1361 2347 narde.
1376 2334 1414 2339 —

111 2354 193 2384 Nach
210 2353 241 2389 3,
261 2352 281 2383 4
303 2355 356 2383 hat
375 2356 519 2384 entweder
539 2355 591 2383 das
611 2355 687 2384 Lied
708 2357 773 2384 eine
794 2356 947 2385 Dichterin
967 2365 1033 2384 zum
1052 2356 1160 2392 Autor,
1188 2356 1257 2384 oder
1278 2357 1413 2385 dasselbe

109 2400 170 2421 war
189 2393 235 2421 fiir
255 2393 319 2421 eine
337 2394 415 2423 Frau
435 2394 582 2432 gedichtet
601 2395 670 2422 oder
689 2394 895 2430 umgedichtet.

1201 2440 1242 2469 7*
