1655 2573
660 142 707 150 -—
753 123 826 160 159·
871 141 914 150 ⁶-

152 212 183 244 4.
211 211 236 244 O
261 212 427 255 Laurenti,
453 218 486 247 te
511 219 636 261 colenti,

207 258 364 292 Servienti
389 270 473 294 nunc
498 266 648 309 consenti,

208 305 284 345 Fac,
311 307 353 338 sit
369 316 501 350 mecum,
528 315 564 343 ut
581 321 635 344 cor
651 317 754 345 tecum

204 352 396 393 Illustretur,
420 358 602 394 speculetur

207 398 313 430 Solum
337 410 441 432 meum
466 412 575 436 verum
600 405 701 437 Deum

205 445 288 477 Fide
311 456 394 486 pura
418 448 486 480 sine
512 459 587 483 cura

253 493 303 524 De
327 494 397 525 istis
422 497 649 531 mundialibus.

883 216 1010 260 Martyr
1034 218 1124 259 bone,
1150 221 1194 252 mi
1218 222 1360 263 patrone,

882 267 951 298 Tua
976 266 1071 298 cratis
1096 267 1212 298 ardens
1237 267 1314 298 satis

882 313 938 344 Me
963 312 1124 353 defendat,
1150 316 1186 344 ut
1210 313 1364 345 accendat

884 359 947 391 Dei
967 360 1042 400 igne
1065 362 1130 390 tam
1153 360 1299 400 henigne,

886 406 933 438 Ut
957 406 1089 438 devictis
1113 405 1249 438 fiammis
1273 405 1356 437 fictis

886 452 951 484 Sim
975 453 1122 484 immunis
1147 453 1193 485 sic
1217 463 1236 485 a
1260 453 1370 493 prunis

932 500 1118 531 Tremendis
1143 499 1381 540 gehennalibus

209 567 287 594 Orat.
310 576 363 594 ms.
385 567 569 598 Carthusian.
591 579 667 598 saec.
690 570 733 598 15.
774 571 843 599 Cod.
865 571 959 607 Capit.
979 573 1128 600 Treviren.
1151 571 1212 601 116.

549 698 617 730 300.
646 698 690 729 De
711 699 817 729 sancto
838 698 1026 730 Leonhardo.

154 778 184 810 1.
212 776 332 820 Gaude,
358 775 569 818 privilegiate‚

207 823 398 856 Leonharde
422 823 600 860 sublimate.

207 872 245 903 In
270 870 330 902 hoc
356 872 438 903 dono
463 872 596 910 speciali

208 918 247 949 Vi
270 917 428 950 vincenda
449 919 613 951 carcerali.

206 964 409 1004 Captivorum
434 974 467 997 es
492 966 629 1008 adiutor,

208 1012 411 1045 Vinculorum
437 1012 620 1052 dissolutor,

205 1059 251 1091 Es
276 1067 448 1099 oppressor
474 1062 691 1100 tyrannorum,
733 1063 742 1069 ⁴

207 1106 270 1138 Sed
295 1109 419 1138 erector
443 1115 677 1147 oppressorum.

151 1166 178 1197 2.
207 1162 328 1202 Gaude,
354 1162 398 1195 mi
422 1165 557 1203 patrone
580 1171 680 1204 sacer,

205 1210 320 1242 Nullus
346 1218 455 1243 carcer
480 1213 529 1242 est
552 1213 618 1242 tam
642 1212 720 1250 ater,

209 1257 288 1296 Quin
314 1260 349 1289 tu
372 1257 475 1298 gratia
501 1258 610 1290 divina

206 1305 351 1345 Frangas
376 1305 460 1336 hunc
483 1305 516 1337 vi
540 1305 683 1344 leonina3

208 1352 322 1385 Omnes
347 1351 472 1384 ferreae
499 1355 630 1385 catenae

206 1399 375 1439 Nequeunt
399 1401 431 1430 te
456 1398 541 1431 ferre
565 1400 668 1439 plene,

206 1447 337 1486 Quando
362 1449 395 1478 te
419 1446 533 1478 adesse
557 1447 671 1484 sciunt,

206 1495 284 1526 Mox
307 1497 343 1526 ut
368 1502 441 1526 cera
465 1493 641 1534 liquefiunt.

155 1553 185 1584 3.
214 1550 334 1593 Gaude,
361 1550 508 1591 gaudium
535 1551 681 1589 turbatis,

209 1598 365 1638 Tempore
389 1597 558 1630 anxietatis

205 1645 352 1677 Praestas
377 1645 461 1677 omni
487 1647 519 1676 te
544 1645 670 1683 colenti,

205 1692 343 1731 Quodvis
370 1693 519 1725 damnum
543 1693 706 1725 metuenti.

886 777 1042 809 Franciae
1067 782 1208 817 reginam
1233 779 1354 818 gratam

887 825 983 864 Quasi
1006 825 1069 857 iam
1093 824 1306 864 periclitatam

888 872 925 903 ln
949 875 1043 912 partu
1070 874 1102 903 et
1125 872 1245 910 prolem
1271 878 1377 901 secum

887 919 935 950 Tu
960 919 1092 951 salvasti
1116 927 1177 958 ope
1200 926 1339 958 precum.

852 999 860 1006 .
888 975 1011 1019 Gaude,
1036 975 1090 1015 pie
1113 974 1311 1015 Leonharde,

888 1022 1062 1054 Vinculatis
1088 1022 1182 1053 dulce
1204 1021 1315 1062 narde,

886 1069 942 1101 Me
964 1069 1076 1101 iuvare
1100 1077 1226 1108 semper
1250 1067 1329 1100 arde

884 1116 923 1148 In
949 1113 1100 1156 periculis
1124 1125 1186 1147 non
1211 1115 1324 1156 tarde3

887 1163 1016 1196 Cunctis
1041 1163 1137 1206 horis.
1166 1162 1287 1195 cunctis
1311 1161 1400 1201 locis,

887 1210 1015 1242 Cunctis
1040 1210 1132 1242 seriis
1160 1214 1193 1243 et
1215 1209 1293 1242 iocis

887 1258 1059 1291 Sentiendo
1082 1266 1134 1289 me
1157 1260 1255 1301 tuere,

885 1305 931 1337 Ut
953 1306 1017 1337 iam
1041 1313 1137 1345 saepe
1162 1305 1245 1336 sensi
1271 1312 1355 1336 vere.

855 1386 862 1393 .
890 1361 1011 1402 Gaude,
1038 1364 1132 1402 pater
1156 1360 1356 1399 Leonharde‚

884 1408 992 1441 Fortis
1017 1417 1078 1449 ope
1100 1409 1263 1449 leoparde‚

888 1456 942 1487 Me
967 1456 1105 1488 defende
1127 1456 1381 1496 circumquaque,

889 1504 1030 1543 Corpore
1054 1506 1086 1535 et
1109 1503 1284 1545 animaque,

888 1550 988 1582 Serva
1011 1559 1063 1582 me
1087 1560 1106 1581 a
1130 1552 1336 1590 tyrannorum

887 1598 1011 1630 Vinclis
1038 1601 1070 1630 et
1095 1597 1341 1638 daemoniorum,

886 1645 932 1678 Ut
956 1646 999 1677 sis
1024 1645 1103 1677 mihi
1128 1645 1175 1676 sic
1198 1645 1339 1677 solamen

885 1692 950 1724 Hic
973 1695 1005 1724 et
1024 1694 1058 1725 in
1083 1695 1256 1724 aeternum.
1306 1691 1420 1722 Amen.

210 1767 289 1795 Orat.
311 1775 363 1795 ms.
386 1766 570 1795 Cart-husian.
592 1775 668 1795 saec.
691 1765 734 1795 15.
775 1767 842 1795 eod.
867 1767 962 1803 Capit.
982 1768 1131 1795 Treviren.
1155 1765 1217 1794 116.

586 1897 650 1932 301.
677 1898 721 1928 De
740 1898 846 1929 sancto
867 1897 988 1928 Livino.

148 1977 178 2010 1.
205 1977 230 2010 Ο
255 1978 380 2018 Livine‚
408 1980 532 2019 martyr
557 1978 615 2010 Dei

257 2024 374 2058 Confer
398 2026 461 2058 tuis
486 2025 645 2065 precibus

208 2073 253 2106 Ut
279 2073 321 2105 sit
344 2073 431 2105 Deus
456 2082 578 2104 memor
602 2071 665 2103 mei

252 2120 347 2152 Nunc
368 2124 400 2152 et
422 2120 511 2151 horis
537 2117 693 2151 omnibus

149 2178 179 2209 2.
208 2176 300 2215 Quod
334 2178 393 2209 sim
417 2176 554 2207 mundus
579 2184 599 2206 a
620 2173 761 2213 peccatis

250 2224 365 2256 Multis
391 2223 579 2266 venialibus,

187 2271 339 2315 Magnis,
366 2271 485 2313 parvis,
512 2267 666 2301 inauditis

252 2318 383 2358 Septem
398 2320 440 2348 'et
464 2316 662 2350 mortalibus.

831 1977 862 2008 3.
891 1975 1007 2007 Confer
1031 1974 1108 2006 mihi
1135 1983 1188 2006 cor
1213 1975 1362 2013 quietum,

935 2022 1051 2053 Pacem
1077 2029 1146 2051 cum
1171 2019 1358 2060 hominibus,

886 2069 975 2100 Inter
999 2070 1098 2100 iustos
1124 2066 1176 2099 fac
1199 2076 1250 2099 me
1273 2067 1400 2105 laetum,

938 2115 1055 2146 Tutum
1079 2123 1100 2145 a
1125 2114 1339 2155 daemonibus,

831 2173 862 2203 4.
889 2171 926 2202 In
951 2171 1011 2203 hoc
1035 2171 1152 2202 mundo
1177 2171 1355 2210 sanitatem,

934 2218 1027 2250 Vitae
1051 2218 1240 2258 necessaria,

888 2265 966 2297 Mox
989 2267 1065 2305 post
1084 2268 1218 2298 mortem
1244 2264 1421 2297 claritatem

937 2313 975 2344 In
999 2317 1129 2345 aeterna
1153 2313 1267 2353 patria.

205 2394 291 2421 Orat.
314 2401 367 2420 ms.
389 2391 574 2420 Carthasian.
596 2396 673 2417 saec.
696 2384 739 2414 15.
774 2386 844 2413 Cod.
866 2385 959 2421 Capit.
979 2386 1129 2414 Treviren.
1152 2383 1214 2413 116.
1234 2401 1270 2405 —
