1655 2573
643 133 692 143 „-
741 110 808 150 119
855 134 904 141 --

477 206 547 239 240.
566 208 611 239 De
629 216 670 240 ss.
691 206 811 239 Simone
832 207 865 239 et
884 206 1056 238 Thaddaeo.

139 276 170 308 1.
197 275 350 319 Gaudete,
379 277 472 309 electi
498 287 517 309 a
540 278 620 318 Deo,
818 280 849 313 2.
876 276 1019 310 Gaudete
1043 285 1102 317 per
1124 279 1248 310 vestros
1271 284 1373 309 mores

196 323 303 356 Simon
328 331 396 355 cum
422 325 504 357 Iuda
527 325 710 366 Thaddaeo,
875 325 990 357 Pacem
1016 324 1094 368 dari,
1121 334 1184 357 non
1209 327 1347 356 terrores

243 370 281 402 In
308 370 428 403 Christi
454 371 637 412 discipulos,
922 371 1012 404 Infra
1032 371 1142 403 mundi
1166 370 1342 410 terminum,

200 416 353 458 Gaudete,
379 418 629 461 praedicatores,
876 418 1019 450 Gaudete
1042 427 1101 458 per
1124 427 1180 450 vos
1207 418 1331 451 delusos

197 464 260 496 Per
284 473 362 505 quos
387 466 526 505 gaudent
548 470 729 505 peccatores
875 465 986 506 Magos
1008 465 1088 497 mire
1113 468 1145 497 et
1169 464 1324 507 confusos,

247 511 397 544 Conversi
423 513 464 544 ad
488 512 666 547 Dominum.
922 511 1069 545 Afflictos
1096 512 1267 544 doloribus.

526 570 557 601 3.
584 568 738 613 Gaudete,
763 578 847 601 nunc
872 569 1023 610 coronati,

583 616 608 648 Ο
633 616 769 656 apostoli
792 614 888 657 beati,

629 662 724 695 Caelo
749 671 808 702 per
835 661 1031 702 martyrium,

585 708 687 741 Nodis
712 709 808 741 soluti
830 708 955 748 peccati

585 756 680 788 Caelo
706 756 860 788 laetemur
884 755 980 786 locati

631 803 693 835 Per
718 805 857 836 vestrum
883 801 1074 842 suffragium.

206 867 284 895 Orat.
305 875 359 894 ms.
379 867 568 895 Trudonense
588 876 663 895 saec.
685 865 729 895 16.
749 868 790 894 in.
813 866 881 894 Cod.
901 866 1040 894 Leodien.
1060 863 1124 892 395.

573 958 634 988 241.
664 956 707 988 De
726 959 833 989 sancto
854 957 976 989 Thoma.

141 1019 172 1052 1.
199 1018 320 1057 Gaude,
347 1018 474 1050 Domini
499 1018 647 1058 palpator
823 1021 853 1051 2.
881 1017 1001 1059 Gaude,
1030 1019 1103 1050 dum
1129 1028 1238 1050 aurum
1265 1018 1382 1049 dedisti

199 1065 431 1105 Vulnerumque
456 1065 692 1106 contemplator,
877 1065 1005 1104 Egenis,
1031 1065 1099 1104 regi
1123 1064 1228 1096 fecisti

246 1112 340 1144 Felix
364 1112 487 1144 Thoma
509 1111 657 1151 Didyme,
924 1111 1058 1144 Domum
1081 1112 1114 1143 in
1141 1113 1221 1143 caeli
1245 1112 1370 1151 gaudio.

201 1158 321 1198 Gaude,
348 1159 432 1199 quod
456 1167 515 1199 pro
542 1161 573 1189 te
597 1159 737 1192 salvator
880 1158 1000 1201 Gaude,
1027 1159 1110 1199 quod
1135 1159 1194 1190 tibi
1219 1158 1344 1199 subegit

199 1205 293 1237 Fidei
317 1208 535 1237 remunerator
878 1205 965 1237 Deus
989 1206 1120 1245 hostem,
1148 1206 1201 1245 qui
1226 1204 1382 1246 confregit

248 1252 401 1284 Gentibus
426 1252 464 1285 fit
487 1253 615 1292 optime.
925 1254 992 1285 Tuo
1017 1253 1103 1284 iussu
1127 1253 1256 1285 idolum.

495 1310 526 1342 3.
553 1308 673 1351 Gaude,
698 1307 821 1349 fulgens
845 1308 942 1348 signis
968 1309 1072 1349 claris,

556 1356 644 1394 Quod
669 1355 701 1387 in
728 1356 824 1387 caelis
846 1356 1027 1388 iucundaris

599 1403 737 1434 Mortem
763 1402 868 1434 ferens
893 1403 1012 1443 lancea,

556 1449 623 1482 Nos
648 1449 801 1489 coniunge
826 1449 945 1482 Christi
971 1450 1061 1491 caris,

558 1497 617 1536 Qui
641 1497 803 1536 apostolus
828 1496 951 1529 vocaris

600 1543 733 1576 Salvans
756 1544 838 1583 ignis
863 1541 995 1577 framea.

202 1609 280 1637 Orat.
301 1617 353 1636 me.
373 1609 561 1636 Trudonense
583 1617 658 1637 saec.
674 1607 718 1637 16.
743 1608 812 1637 Cod.
839 1609 977 1636 Leodien.
998 1606 1062 1636 395.
1084 1623 1123 1628 -—
1142 1606 1167 1640 2,
1192 1606 1207 1635 1
1228 1607 1330 1635 Gaude
1351 1607 1428 1642 quod

126 1646 202 1674 dum.
222 1662 258 1666 -
279 1645 307 1680 3,
327 1644 345 1673 2
366 1646 429 1680 Que
448 1648 481 1674 iu
499 1647 598 1674 caelis.

570 1729 637 1760 242.
671 1728 714 1760 De
735 1730 844 1760 sancta
863 1728 988 1760 Ursule.

141 1789 172 1822 1.
201 1790 322 1830 Gaude,
349 1789 461 1821 chorus
487 1789 660 1833 virginalis,
877 1788 999 1828 Gaude,
1026 1788 1084 1820 tibi
1109 1788 1262 1820 sociatum

199 1836 335 1869 Sanctae
359 1836 496 1869 Ursulae
518 1836 576 1868 sub
603 1836 663 1868 alis
876 1835 1026 1868 Sanctum
1049 1844 1167 1877 papam
1191 1839 1224 1867 et
1247 1836 1397 1867 collatum

247 1885 307 1924 Qui
331 1884 402 1916 Deo
427 1884 595 1924 tripudias,
925 1883 1014 1914 Pium
1039 1891 1146 1923 regem
1168 1883 1314 1923 Angliae.

199 1930 320 1970 Gaude,
347 1940 480 1971 sponsus
504 1931 692 1984 immortalis
819 1942 849 1974 3·
877 1939 989 1972 Gaude
1012 1948 1139 1982 gregem
1162 1940 1221 1971 tibi
1248 1940 1356 1971 datum

200 1978 291 2017 QUOd
315 1979 449 2010 redemit
474 1982 506 2010 'ae
530 1988 550 2010 a
570 1979 672 2022 malls)
878 1987 1137 2019 Contemnentem
1161 1987 1223 2018 iter
1246 1986 1345 2018 latum

247 2026 307 2059 Cui
331 2026 442 2058 reddis
467 2026 596 2067 gratias.
924 2034 1100 2067 Mundialis
1129 2034 1258 2074 gloriae,

141 2085 172 2116 2.
200 2083 322 2123 Gaude,
349 2092 367 2115 o
391 2083 485 2117 turba
511 2083 635 2123 decora,
880 2081 1002 2122 Gaude,
1030 2081 1098 2114 dire
1122 2081 1282 2114 trucidata

197 2130 290 2163 Fidei
316 2131 527 2171 complectens
552 2130 620 2162 lora
878 2129 942 2161 Pro
964 2128 1029 2162 fide
1055 2131 1087 2160 et
1111 2133 1261 2161 coronata

243 2178 380 2211 Ursulae
405 2178 613 2218 coniungeris‚
925 2177 1031 2218 Caelo,
1058 2174 1136 2208 felix
1161 2175 1277 2210 contio.

546 2237 577 2269 4.
601 2235 670 2267 Tua
691 2234 761 2267 Deo
785 2242 882 2274 prece
905 2237 997 2274 grata.

602 2281 703 2315 Nobis
729 2282 825 2314 caelis
851 2282 894 2314 sit
919 2282 1035 2315 donata

649 2331 768 2363 Tecum
793 2330 1028 2369 contemplatio.

201 2398 282 2427 Orat.
302 2405 356 2425 ms.
375 2396 565 2425 Trudononse
586 2404 662 2423 saec.
685 2392 728 2421 16.
749 2395 790 2421 in.
821 2394 891 2422 Cod.
911 2394 1052 2421 Leodien.
1076 2390 1141 2420 385.
