1655 2573
736 129 993 166 —150—

315 225 413 264 Quam
439 226 569 259 donavit
592 226 649 258 tibi
672 227 795 268 humus,

313 274 375 305 Per
399 281 491 313 quam
512 282 568 305 nos
585 273 700 306 salvati
714 283 830 314 sumus,

310 320 373 353 Per
388 328 480 359 quam
497 320 596 352 hostis
609 323 673 352 stat
686 320 831 353 confusus

309 366 354 398 Et
377 375 396 397 a
418 366 510 399 nobis
536 370 583 399 est
609 368 771 407 exclusus,

231 413 286 445 25.
312 413 431 444 Fructu
455 413 547 445 huius
571 415 655 446 sacri
677 415 764 454 ligni,

310 459 368 502 Da,
395 458 505 491 fiamus
530 469 636 492 omnes
663 462 749 501 digni

982 224 1177 258 Manducare
1201 225 1318 257 mundo
1344 224 1450 265 corde,

982 273 1164 314 Expurgari
1188 273 1272 304 omni
1300 272 1395 304 sorde

981 320 1025 351 Et
1048 320 1094 352 sic
1118 328 1172 351 cor
1196 319 1384 359 reficiamus,

898 369 953 401 30.
978 367 1025 399 Ut
1049 369 1079 398 et
1102 367 1198 398 vitam
1225 367 1385 407 capiamus

982 414 1044 446 Per
1067 416 1137 445 tuas
1162 421 1283 454 preces,
1308 421 1326 444 o
1351 413 1453 453 beata,

981 461 1045 492 Per
1088 469 1179 499 quam
1222 461 1300 492 haec
1341 469 1419 492 crux
1458 463 1505 491 est

1233 507 1349 539 mundo
1372 507 1456 539 data.

293 551 371 578 Orat.
396 560 447 579 ms.
469 551 650 580 Carthasian.
670 561 746 580 saec.
769 552 812 581 15.
843 551 910 581 Cod.
932 553 1024 588 capit.
1044 553 1193 580 Treviren.
1217 550 1278 580 116.

637 644 700 674 287.
734 642 775 675 De
794 644 900 675 sancto
920 643 1090 674 Hermolao.

229 703 258 736 1.
285 699 456 736 Hermolae
480 701 633 743 pontifex,

332 752 364 780 te
387 750 488 781 saluto
512 752 623 790 metro,

286 796 386 827 Tuum
412 805 503 827 serva
528 796 699 835 supplicem

332 851 352 873 a
375 844 523 881 serpente
545 844 658 883 taetro,

284 888 335 919 Ne
359 897 378 919 a
403 888 522 921 Christi
546 891 653 919 aratro

330 942 380 966 me
406 936 584 965 convertam
608 938 705 974 retro,

286 981 349 1012 Sed
373 980 407 1011 in
430 980 494 1012 fide
518 980 636 1012 moriar

332 1036 400 1058 cum
425 1027 517 1058 beato
543 1028 646 1059 Petro.

228 1083 260 1115 2.
287 1079 347 1126 En,
375 1085 412 1113 tu
434 1084 504 1122 pios
527 1082 645 1114 milites

332 1129 399 1161 fide
422 1129 590 1160 illustrasti

288 1175 364 1207 (lum
391 1176 470 1207 duce
493 1176 628 1207 Achatio

333 1224 365 1253 et.
389 1222 571 1253 coadunasti

286 1268 354 1300 Deo
379 1277 437 1307 per
460 1270 656 1309 martyrium,

330 1316 413 1355 quod
439 1318 471 1346 et
493 1315 646 1358 tolerasti,

285 1361 382 1393 Placa
403 1361 481 1393 mihi
504 1362 618 1393 misero

331 1408 424 1448 hunc,
449 1416 508 1447 pro
533 1417 593 1447 quo
618 1409 775 1448 pugnasti.

226 1462 257 1495 3.
283 1459 356 1495 Rex
380 1471 438 1501 per
463 1471 516 1494 vos
542 1464 736 1503 regnantium

330 1508 407 1540 mihi
432 1510 474 1540 sit
496 1508 658 1550 benignus,

284 1555 409 1586 Laudes
434 1555 524 1587 vobis
549 1555 644 1587 offero

331 1610 451 1641 pauper
476 1604 505 1632 et
530 1602 686 1644 indignus,

284 1647 374 1686 Quod
398 1657 449 1680 me
471 1657 534 1680 non
559 1648 716 1688 subripiat

331 1694 461 1734 spiritus
484 1695 650 1737 malignus,

283 1739 347 1772 Sim
374 1749 496 1781 quoque
521 1742 651 1785 collegio

327 1784 541 1826 supernorum
557 1789 677 1828 dignus.

225 1843 256 1875 4.
281 1838 334 1875 Me
359 1843 527 1875 clementer
551 1845 665 1876 liberet

325 1892 493 1931 vestroque
519 1891 632 1923 ducatu

278 1937 316 1969 In
342 1937 469 1968 caelesti
494 1938 626 1971 collocet

328 1985 416 2016 Iesus
441 1984 631 2026 principatu,

277 2030 365 2062 Zima
385 2031 476 2062 tollet
499 2032 621 2064 scoriae

325 2080 429 2109 vestro
451 2079 639 2120 supplicatu,

277 2124 308 2154 A
329 2131 380 2155 me
403 2124 474 2163 pius
496 2126 639 2157 conditor

324 2170 407 2201 omni
432 2179 502 2201 cum
525 2175 626 2205 reatu.

584 2229 615 2261 9.
642 2226 782 2261 Stetistis
806 2232 942 2265 viriliter

900 705 930 736 5.
958 700 982 736 Ο
1010 703 1165 742 praeclari
1191 704 1317 744 milites,

1002 750 1120 782 Christi
1145 752 1315 793 secutores,

953 796 1129 828 Bellatores
1159 797 1271 836 incliti,

1002 842 1139 874 hostium
1163 843 1310 883 victores,

954 888 1127 927 Impetrate
1153 889 1290 929 supplici

1003 938 1107 967 vestro
1133 934 1221 968 divos
1246 944 1360 975 mores,

959 982 1074 1014 Vestra
1097 985 1133 1013 ut
1156 992 1215 1022 per
1238 984 1352 1014 merita

1000 1029 1113 1060 intrem
1141 1029 1219 1061 caeli
1246 1029 1340 1063 foreS.

923 1111 930 1117 .
954 1081 1049 1117 Lucis
1071 1093 1124 1117 me
1146 1088 1321 1124 perpetuae

1002 1130 1099 1163 faciat
1125 1134 1298 1163 consortem

957 1178 1078 1209 Vestris
1102 1178 1164 1218 piis
1185 1179 1332 1218 precibus

1002 1232 1059 1255 rex
1085 1225 1163 1255 caeli
1189 1227 1221 1255 et
1245 1224 1356 1257 fortem

955 1270 1090 1302 Vincere
1114 1280 1165 1302 me
1188 1270 1286 1304 faciat

1001 1317 1136 1350 Satanae
1160 1318 1332 1360 cohortem,

953 1364 1042 1403 Quod
1067 1365 1187 1396 aeterni
1210 1366 1345 1406 praemii

999 1411 1114 1450 gaudia
1136 1415 1307 1451 reportem.

918 1490 926 1498 .
952 1463 1118 1500 Adversus
1139 1468 1317 1501 Adrianum

998 1516 1178 1545 constanter
1201 1515 1333 1547 stetistis

950 1560 988 1592 In
1012 1568 1112 1600 agone
1135 1559 1223 1601 fidei,

995 1610 1128 1638 mortem
1152 1608 1199 1639 sic
1223 1608 1353 1646 vicistis,

950 1652 1047 1690 Quem
1072 1661 1139 1684 cum
1166 1655 1355 1689 satellitibus

998 1700 1062 1731 suis
1088 1701 1226 1744 evicistis

951 1747 1057 1786 Atque
1079 1747 1112 1778 in
1136 1748 1258 1787 palatia

1000 1795 1079 1825 caeli
1102 1794 1269 1827 introistis.

919 1875 926 1883 .
953 1846 1030 1892 Vos,
1057 1859 1075 1881 0
1102 1851 1208 1883 decem
1234 1853 1322 1885 milia

997 1897 1124 1937 milites,
1150 1900 1314 1939 pugnastis

952 1943 1140 1976 Constanter
1163 1954 1222 1985 pro
1245 1946 1381 1979 Domino

996 1991 1181 2032 hostemque
1206 1994 1362 2035 calcastis,

950 2036 1120 2070 Tormenta
1144 2039 1259 2072 similia

999 2084 1116 2117 Christi
1133 2087 1313 2128 tolerastis;

951 2131 1039 2163 Iesus
1063 2141 1122 2172 per
1147 2143 1202 2165 vos
1226 2135 1329 2167 salvet
1352 2144 1411 2176 me,

997 2187 1056 2216 pro
1081 2187 1141 2217 quo
1168 2180 1215 2211 sic
1240 2182 1395 2214 certastis

683 2279 793 2309 contra
815 2279 991 2312 Adrianum

637 2322 698 2355 Pro
722 2322 786 2356 fide
811 2326 974 2369 catholica,

684 2370 729 2410 pii
754 2374 871 2414 patreS,
897 2383 1022 2408 manum
