1655 2573
743 149 994 184 —198—

264 248 292 280 9.
321 244 370 280 Τ11
394 249 481 279 terra
505 255 537 278 es
562 245 712 287 salvifica,

237 647 291 680 10.

234 1047 288 1079 11.

231 1447 285 1478 12.

229 1847 283 1879 13.

230 2248 285 2279 14.

363 294 460 332 Quam
486 294 573 326 Deus
596 291 769 331 benedixit,

318 341 366 372 Tu
390 341 483 372 stella
508 340 688 379 Iacobitica,

365 389 462 425 Quam
488 387 617 419 Balaam
641 384 812 426 praedixit,

315 434 363 465 Tu
388 434 485 465 clavis
511 442 543 464 es
568 433 731 473 Davidica,

366 480 451 517 Quae
476 480 562 511 caelo
587 488 644 511 nos
669 477 782 519 affixit,

317 526 366 557 Tu
391 534 423 557 es
447 526 602 566 serpentis
627 525 758 565 pertica,

362 573 532 604 Percussus
558 581 619 612 qua
643 570 767 604 revixit.

313 646 373 686 Tu,
403 647 490 678 cuius
514 655 626 679 nomen
650 645 755 678 nobile

364 693 424 725 Est
446 694 546 725 oleum
573 693 711 736 effusum,

315 740 365 771 Tu
387 741 500 771 ostium
524 740 718 781 praenobile,

368 786 547 818 Castissime
571 788 778 826 praeclusum,

320 833 368 864 Tu
392 834 551 872 pessulum
575 834 736 865 immobile

359 880 412 911 Ad
438 881 546 919 sponsi
570 883 682 919 patens
706 888 805 918 usum,

315 925 363 956 Tu
387 935 496 959 manus
522 935 643 966 quoque
666 925 782 957 mobile

360 972 405 1003 Es
430 973 669 1012 apprehendens
694 972 808 1004 fusum.

314 1047 372 1087 Tu,
399 1048 494 1087 virgo,
519 1051 606 1079 terra
630 1048 728 1080 rubea

357 1093 412 1131 Es,
446 1094 537 1125 homo
562 1103 623 1134 qua
646 1095 829 1136 plasmatur,

312 1140 360 1171 Tu
387 1141 483 1171 vectis
509 1149 541 1172 es
565 1141 597 1171 in
623 1143 724 1182 vinea,

358 1187 426 1223 Qua
448 1187 560 1219 botrus
584 1188 753 1224 baiulatur,

315 1231 372 1274 Tu,
398 1233 498 1274 virgo,
521 1234 573 1264 lex
598 1243 630 1265 cs
654 1235 746 1274 ignea

358 1279 426 1317 Qua
448 1280 534 1311 Deus
558 1284 769 1320 praeamatur,

313 1324 361 1355 Tu
387 1327 501 1358 caritas
525 1335 583 1358 nec
609 1336 730 1364 carnea,

359 1372 426 1409 Qua
450 1374 612 1412 proximus
636 1377 793 1414 gravatur.

312 1446 359 1477 Tu
385 1446 503 1486 lignum
529 1457 597 1479 esse
622 1449 736 1480 diceris

355 1493 392 1524 In
418 1497 524 1525 centro
548 1496 700 1536 paradisi,

308 1539 356 1569 Tu
380 1537 469 1571 fluvii
493 1539 562 1572 fons
589 1542 726 1573 crederis

355 1585 392 1617 In
417 1589 562 1625 quattuor
588 1588 690 1624 divisi,

310 1631 360 1662 Tu
383 1633 456 1664 vitis
481 1642 549 1664 esse
572 1635 722 1676 nosceris,

358 1678 424 1717 Qua
449 1680 545 1711 simus
570 1690 631 1712 non
654 1681 801 1721 praecisi,

310 1724 358 1755 Tu
382 1726 563 1766 palmesque
590 1728 791 1767 dignosceriS,

356 1773 422 1810 Qua
447 1774 550 1804 cuncti
574 1777 647 1805 sunt
670 1774 781 1814 gavisi.

309 1845 356 1876 Tu
380 1850 457 1884 rete,
483 1849 566 1887 quod
590 1858 652 1881 non
672 1850 829 1889 rumpitur

354 1893 391 1924 In
417 1895 548 1933 piscium
574 1900 713 1935 captura,

307 1939 354 1970 Tu
372 1942 476 1980 vestis,
496 1951 574 1981 quae
586 1952 647 1974 non
661 1943 826 1983 scinditur,

355 1987 418 2019 Sed
443 1989 536 2020 sortis
562 1991 646 2029 capit
671 1991 748 2033 iura,

309 2032 358 2063 Tu
375 2043 471 2078 serra,
496 2045 575 2075 quae
590 2046 653 2068 non
669 2036 827 2078 frangitur

354 2081 417 2112 Per
443 2084 564 2114 tractus
590 2083 629 2114 de
655 2085 810 2125 clausura,

308 2127 356 2158 Tu
380 2128 469 2168 virgo
493 2138 535 2172 es,
562 2133 595 2161 ut
622 2132 771 2170 creditur,

356 2174 433 2205 Post
448 2179 573 2214 partum
589 2186 718 2209 manens
736 2187 825 2217 pura.

311 2247 359 2278 Tu
384 2257 457 2280 arca
482 2258 514 2280 es
541 2251 688 2283 aetherea

353 2296 484 2326 Aeterni
508 2298 697 2338 testamenti,

308 2341 356 2372 Tu
380 2351 460 2373 urna
483 2351 604 2383 quoque
628 2353 732 2383 aurea,

352 2389 420 2428 Qua
443 2399 540 2429 panes
565 2394 636 2423 sunt
662 2392 786 2432 retenti,

907 458 963 491 15.

905 860 958 892 16.

905 1261 958 1294 17.

901 1662 953 1694 18.

898 2066 952 2098 19.

988 243 1036 274 Tu
1060 241 1171 273 tabula
1192 240 1322 280 lapidea

1033 289 1123 321 Dans
1147 289 1257 320 decem
1278 288 1368 319 iussa
1391 286 1487 326 genti,

988 336 1037 368 Tu
1061 344 1153 368 servo
1179 335 1234 366 das
1259 340 1430 374 praeterea.

1034 383 1144 415 Mnam
1155 381 1262 414 decem
1272 390 1360 413 mnas
1371 380 1512 413 habenti.

989 458 1046 501 Tu,
1075 458 1173 498 virgo,
1201 457 1290 497 virga
1313 455 1421 488 fumea

1034 505 1187 536 Aromate
1210 503 1373 544 pigmenti,

988 552 1038 584 Tu
1062 552 1153 592 virga
1178 558 1301 590 quoque
1326 550 1433 590 lignea

1036 598 1151 630 Valens
1176 597 1404 638 progredienti,

987 644 1046 686 Tu,
1072 645 1171 685 virgo,
1198 644 1289 684 virga
1312 644 1418 676 ferrea

1030 692 1076 723 Es
1100 691 1323 733 inoboedienti,

988 738 1046 782 Tu,
1074 740 1171 782 virgo,
1197 738 1289 778 virga
1311 746 1409 769 aurea

1033 786 1177 818 Solamen
1204 785 1282 816 dans
1308 784 1436 817 dolenti.

984 860 1034 891 Tu
1056 869 1138 900 aqua
1163 860 1202 892 de
1228 860 1406 900 cisternula,

1030 908 1061 938 A
1085 906 1191 939 David
1216 906 1392 949 concupita,

984 953 1033 985 Tu
1057 954 1164 985 lucens
1191 953 1269 993 dies,
1296 953 1435 995 vernula,

1029 1001 1079 1033 Tu
1106 1009 1202 1033 verax
1227 1000 1378 1042 Iacobita,

982 1046 1031 1078 Tu
1055 1055 1087 1078 es
1111 1048 1144 1078 in
1169 1049 1277 1079 nostra
1300 1047 1421 1078 terrula

1030 1094 1100 1126 Vox
1123 1093 1255 1125 turturis
1281 1094 1398 1137 audita,

982 1139 1030 1171 Tu
1054 1140 1180 1171 humilis
1206 1140 1357 1180 puellula,

1028 1188 1059 1218 A
1084 1187 1153 1219 Deo
1175 1188 1342 1219 recensita.

984 1262 1032 1293 Tu
1057 1262 1210 1294 trinitatis
1237 1263 1361 1302 cellula,

1028 1309 1076 1340 Tu
1101 1309 1238 1349 simplici
1264 1310 1362 1352 unita,

980 1355 1029 1386 Tu
1052 1355 1118 1388 fida
1142 1357 1282 1397 prudens
1308 1355 1435 1397 famula,

1027 1402 1076 1434 Tu
1102 1403 1212 1435 civitas
1237 1405 1367 1444 munita,

980 1449 1028 1480 Tu
1053 1449 1203 1481 bonitatis
1230 1449 1374 1490 formula,

1026 1495 1201 1527 Virtutibus
1223 1497 1332 1537 polita,

979 1541 1028 1572 Tu
1052 1542 1120 1573 sine
1146 1543 1217 1574 dolo
1241 1544 1394 1581 normula,

1026 1588 1074 1619 Tu
1096 1597 1192 1621 verax
1217 1590 1278 1629 via,
1305 1589 1380 1622 vita.

980 1662 1028 1694 Tu
1049 1662 1118 1706 flos,
1144 1667 1179 1696 tu
1204 1665 1287 1696 vc1is
1312 1665 1457 1705 primula,

1026 1711 1075 1742 Tu
1099 1720 1214 1743 ornans
1237 1712 1416 1751 plebiscita,

978 1757 1027 1788 Tu
1053 1758 1207 1790 castitatis
1230 1757 1341 1798 infula,

1025 1804 1148 1836 Fidelis
1174 1803 1341 1846 Samarita,

978 1851 1027 1882 Tu
1049 1852 1191 1884 semivivi
1214 1852 1331 1896 baiula,

1026 1898 1123 1937 Quem
1148 1900 1304 1939 praeterit
1326 1901 1432 1943 levita,

977 1944 1025 1976 Tu
1051 1946 1228 1978 transvehis
1253 1947 1295 1978 ad
1320 1947 1445 1979 stabula

1025 1993 1122 2032 Quem
1147 1994 1264 2025 transit
1286 1994 1452 2029 Aaronita.

978 2067 1025 2099 Tu
1051 2076 1148 2100 aurea
1171 2070 1344 2114 murenula,

1025 2116 1167 2156 Argento
1192 2116 1350 2160 redimita,

978 2161 1027 2193 Tu
1053 2171 1084 2193 es
1112 2162 1241 2195 cedrina
1265 2164 1383 2208 tabula,

1026 2208 1093 2246 Qua
1119 2210 1229 2242 domus
1255 2213 1304 2241 est
1328 2213 1455 2253 vestita,

978 2254 1028 2285 Tu
1051 2256 1166 2288 nobilis
1194 2258 1367 2290 candidula

1026 2301 1234 2343 Praefulgens
1259 2306 1441 2346 margarita,

978 2348 1028 2380 Tu
1051 2353 1243 2382 secretorum
1269 2352 1430 2396 schedula,

1026 2395 1075 2427 Tu
1099 2397 1364 2435 archicoenobita.
