1655 2573
239 247 295 280 38.

240 636 294 668 39.

238 1027 293 1060 40.

239 1325 294 1358 41.

241 1613 295 1644 42.

243 2005 298 2037 43.

239 2292 297 2326 44.

740 144 996 179 —208—

318 246 404 279 Hinc
427 244 586 278 Christum
618 242 728 276 videns
751 240 837 274 veni-

618 292 720 322 entem

320 339 464 372 Iordanis
478 345 601 370 sacrum
614 337 656 368 ad
668 336 839 366 torrentem

365 386 449 419 Prae
476 383 595 415 cunctis
621 383 758 414 clamans
783 388 837 411 va-

616 429 718 460 tibus:

318 478 377 521 En,
404 485 495 508 verus
519 483 617 514 agnus
640 474 696 506 ille
719 473 790 514 Dei,

318 521 530 555 Purificantur
554 529 611 560 per
636 528 727 560 quem
751 519 797 551 rei

366 568 505 601 Vetustis
530 576 548 598 a
572 567 721 599 reatibus.

320 634 492 666 Lavantem
516 633 626 665 sordes
648 632 703 664 ille
726 632 823 673 lavat,

319 682 417 721 Quem
464 680 562 712 moles
609 679 713 711 sordis
752 678 840 710 nulla

617 727 737 767 gravat,

364 774 510 807 Iordanis
535 781 625 805 sacro
649 772 785 811 flumine,

319 821 382 853 Sed
415 829 478 852 non
505 820 655 860 tergendo
682 819 840 851 Christum

617 866 740 906 mergit,

320 915 366 947 Ut
374 913 586 954 immergendo
597 912 739 945 Christus
745 911 840 952 tergit

368 959 555 992 Cunctorum
587 958 677 991 nefas
702 959 838 990 numine.

318 1026 382 1058 Hic
413 1025 504 1057 homo
529 1025 629 1056 mirae
653 1024 838 1062 sanctitatis

319 1071 485 1105 Perfectae
508 1072 598 1103 testis
622 1071 774 1103 trinitatis

366 1119 427 1151 Est
449 1120 558 1159 utique
580 1127 659 1158 prae
684 1118 807 1160 ceteris,

322 1166 453 1206 Apertis
477 1165 571 1197 caelis
594 1174 656 1197 non
681 1163 819 1196 ferocem

323 1212 457 1253 Superni
481 1212 581 1252 patris
605 1211 695 1244 audit
718 1219 827 1243 vocem

367 1256 530 1302 Oblita[m]
555 1259 645 1290 verbi
670 1258 803 1290 veteris:

319 1325 381 1357 Hic
404 1327 496 1356 natus
522 1332 609 1355 meus
632 1326 680 1355 est
697 1323 840 1362 dilectus,

320 1373 402 1404 Prae
411 1371 530 1402 cunctis
537 1371 666 1409 placens
674 1372 706 1401 et
712 1370 839 1412 electus,

365 1417 460 1449 Hunc
482 1418 549 1449 solo
572 1417 670 1448 verbo
695 1417 798 1458 genui,

318 1464 369 1495 Ab
395 1472 471 1494 aevo
495 1471 554 1503 per
578 1463 661 1494 hunc
681 1466 840 1502 operatus,

320 1510 382 1541 Per
398 1509 491 1540 istum
507 1510 599 1541 modo
618 1509 839 1548 complacatus,

366 1556 465 1595 Quem
487 1564 611 1595 semper
634 1565 728 1588 manu
742 1555 840 1588 tenui.

321 1612 384 1644 Hic
415 1620 536 1644 sacrum
562 1619 684 1651 quoque
707 1620 842 1651 pneuma

618 1658 728 1700 cernit,

319 1704 410 1745 Quod
451 1704 542 1737 nefas
582 1714 673 1737 omne
712 1713 841 1745 prorsus

618 1752 749 1792 spernit,

368 1798 406 1830 In
432 1797 607 1829 columbina
631 1798 746 1837 specie,

325 1844 390 1883 Quo
403 1844 490 1875 lesus
505 1844 646 1877 Christus
660 1844 841 1877 Nazarenus

322 1892 495 1931 Regressus
520 1901 540 1923 a
558 1891 695 1923 Iordane
719 1892 840 1931 plenus,

367 1938 416 1972 Ut
439 1946 547 1970 sacrae
571 1939 702 1971 tradunt
721 1939 840 1978 peciae.

322 2004 387 2036 Hic
409 2004 537 2043 angelus
562 2006 611 2034 est
633 2003 737 2036 Isaiae

320 2050 516 2082 Praecedens
531 2049 689 2082 Christum
705 2050 739 2081 in
750 2050 843 2081 Eliae

370 2096 493 2129 Virtute
519 2105 577 2128 nec
600 2107 659 2129 non
688 2097 811 2138 spiritu,

320 2143 368 2176 Ut
379 2144 589 2175 convertendo
601 2153 665 2175 non
677 2144 840 2175 credentes

321 2190 375 2221 Ad
389 2189 505 2221 Christi
519 2190 600 2222 viam
609 2191 715 2222 trahat
722 2192 840 2231 gentes,

368 2235 419 2267 Ne
443 2238 568 2275 gemant
590 2237 623 2268 iu
650 2237 789 2270 interitu,

322 2293 467 2325 Lucerna
487 2293 540 2324 hic
556 2295 606 2323 est
621 2293 728 2324 lucens
746 2294 840 2336 clare,

321 2340 406 2379 Quae
429 2339 519 2371 iubar
543 2340 629 2378 parit
649 2341 709 2372 hoc
725 2340 837 2383 solaro,

368 2387 456 2427 Quod
481 2386 636 2420 hominem
659 2386 825 2432 illuminat,

909 418 952 450 45

909 830 964 863 46.

910 1184 963 1216 47.

909 1494 964 1525 48.

910 1800 965 1831 49.

913 2155 966 2186 50.

992 229 1515 275 Praeceditquippepraedicando,

990 282 1169 322 NascendO,
1195 282 1305 323 morte,
1322 277 1515 319 baptizando

1037 332 1140 372 Hunc,
1156 327 1258 360 -nefas
1285 326 1338 366 qui
1363 324 1514 357 eliminat.

1311 411 1383 451 plus
1424 418 1516 450 quam

1289 458 1456 498 propheta,

987 509 1110 540 Fidelis
1135 516 1244 540 servus
1271 507 1303 538 et
1326 505 1446 537 athleta

1037 556 1166 588 Placato
1192 554 1262 586 diro
1286 552 1422 594 vindice,

989 602 1135 642 Baptista
1150 600 1278 642 Christi,
1298 607 1413 640 praeco
1428 607 1514 639 mag-

1289 655 1357 688 nus,

989 696 1146 729 Iohannes
1171 697 1270 733 vates,
1300 702 1391 726 sacer
1416 702 1514 733 agnus

1037 743 1236 775 Monstratur
1260 740 1351 772 huius
1374 739 1489 774 indice.

957 442 964 449 .
991 415 1152 455 Propheta
1200 413 1261 452 hic,

990 827 1172 866 Scripturas
1185 834 1309 866 quoque
1320 826 1348 856 si
1359 825 1514 857 scrutaris

989 874 1034 906 Et
1057 873 1249 905 revolvendo
1273 872 1438 904 meditaris

1037 921 1262 953 Rememorans
1288 918 1477 959 cautissime,

990 967 1063 1000 Non
1087 967 1187 999 solum
1205 965 1274 998 fore
1290 966 1374 997 hunc
1391 966 1511 1004 baptis-

1290 1015 1364 1052 tam,

991 1060 1053 1093 Sed
1080 1059 1173 1091 etiam
1199 1059 1423 1099 evangelistam

1036 1106 1181 1139 Invenies
1207 1105 1389 1138 certissime.

988 1181 1197 1214 Praecisionis
1221 1180 1416 1220 terminator,

990 1228 1194 1268 Baptismatis
1218 1226 1368 1266 initiator,

1036 1275 1191 1307 Hortator
1213 1274 1435 1316 paenitentiae,

991 1322 1054 1354 Hic
1077 1323 1278 1362 peccatorum
1302 1321 1492 1361 increpator,

990 1368 1180 1401 Facinorum
1204 1368 1257 1399 hic
1282 1367 1464 1406 detestator,

1036 1417 1177 1456 Argutor
1197 1415 1393 1447 insolentiae.

991 1491 1054 1522 Hic
1071 1493 1174 1522 castus
1192 1490 1294 1531 homo,
1318 1490 1368 1522 vir
1384 1489 1514 1531 pilosus,

990 1538 1139 1570 Israelita
1162 1546 1223 1569 non
1252 1536 1389 1577 dolosus,

1041 1584 1186 1616 clamans
1211 1584 1245 1615 in
1270 1583 1451 1623 solitudine,

991 1630 1157 1662 Praedixit
1180 1632 1276 1670 prout
1299 1630 1410 1672 Isaias,

991 1677 1080 1715 Quod
1105 1675 1166 1709 Dei
1190 1680 1294 1709 rectas
1320 1681 1413 1716 paret
1436 1676 1504 1708 vias

1038 1724 1134 1756 Plebs
1161 1732 1230 1755 cum
1255 1723 1482 1758 sollicitudine.

992 1799 1055 1830 Hic
1078 1799 1243 1839 utriusque
1267 1799 1357 1830 limes
1382 1798 1471 1838 legis,

992 1845 1054 1877 Hic
1090 1848 1212 1885 martyr
1249 1854 1379 1885 magnus
1412 1845 1518 1885 magni

1294 1892 1387 1934 regis,

1037 1938 1250 1969 Eremitarum
1273 1939 1420 1979 optimus,

992 1984 1046 2016 Sic
1069 1985 1102 2016 in
1126 1984 1276 2016 virtutem
1302 1985 1342 2016 de
1367 1985 1486 2017 virtute

991 2031 1143 2063 Procedit
1164 2031 1226 2063 iste
1252 2040 1322 2063 cum
1347 2032 1450 2065 salute

1039 2079 1168 2110 Amicus
1193 2088 1281 2111 meus
1304 2079 1446 2112 intimus,

993 2153 1140 2186 Herodes
1156 2154 1286 2186 tandem
1301 2155 1376 2186 dum
1388 2164 1518 2187 uxorem

994 2201 1162 2240 Cognoscit
1167 2199 1278 2233 fratris
1285 2205 1518 2234 contramorem

1040 2247 1084 2279 Et
1108 2248 1251 2279 ordinem
1276 2249 1427 2292 iustitiae,

994 2294 1196 2326 Incestuosus
1219 2295 1403 2336 increpatur

995 2343 1025 2374 A
1050 2344 1146 2385 casto,
1174 2346 1278 2375 castus
1303 2343 1485 2378 vinculatur

1041 2389 1080 2421 In
1101 2397 1228 2421 carcere
1251 2389 1412 2426 tristitiae.
